1997 3231
984 151 1220 195 —158—

463 258 558 293 runt
579 255 815 305 cogitatione
844 256 1178 307 complectantur,
1213 257 1357 295 subitis
1381 270 1429 296 ex
1458 261 1637 309 tempore
1669 270 1812 296 occur-

463 324 579 358 rant:
603 321 708 371 quod
732 321 873 359 fecisse
903 322 957 360 M.
996 322 1172 361 Tullium
1207 324 1507 361 commentariis
1538 324 1666 374 ipsius
1696 336 1816 374 appa-

463 389 537 423 ret.
562 385 636 424 Sed
660 385 847 424 feruntur
878 386 1050 425 aliorum
1084 400 1243 438 quoque
1283 392 1321 425 et.
1360 388 1512 426 inventi
1540 389 1656 437 forte,
1680 391 1725 426 ut
1750 400 1816 426 eos

464 451 646 489 dicturus
665 451 836 502 quisque
869 458 1161 504 composuerat,
1196 458 1234 492 et
1255 454 1296 491 in
1318 454 1440 492 libros
1471 454 1630 504 digesti,
1654 457 1699 492 ut
1724 465 1818 492 cau-

465 529 601 554 sarum
623 529 725 567 quae
745 521 839 555 sunt
874 522 985 557 actae
1006 532 1026 557 a
1061 519 1198 558 Servio
1220 519 1414 570 Sulpicio,
1438 519 1554 570 cujus
1574 523 1655 557 tres
1676 518 1818 557 oratio-

465 595 537 620 nes
558 587 734 622 exstant:
759 585 828 626 sed
860 584 902 622 hi
924 585 972 622 (16
996 584 1143 635 quibus
1163 585 1305 636 loquor
1342 584 1620 623 commentarii
1642 585 1694 623 ita
1722 586 1818 622 sunt

465 647 608 694 exacti,
630 651 676 685 ut
695 649 744 687 ab
776 650 861 700 ipso
894 647 994 685 mihi
1028 647 1070 685 in
1106 648 1343 686 memoriam
1378 648 1621 699 posteritatis
1655 646 1817 685 videan-

386 709 433 748 31
466 715 533 750 tur
552 724 639 751 esse
659 713 883 765 compositi.
917 712 1021 751 Nam
1043 712 1245 751 Ciceronis
1265 713 1313 751 ad
1350 726 1541 764 praesens
1578 712 1695 752 modo
1716 716 1817 750 tem-

467 789 542 829 pus
562 782 715 829 aptatos
747 779 915 817 libertus
937 779 1029 817 Tiro
1052 779 1264 830 ucontraxit
1283 791 1290 816 :
1315 792 1415 830 quos
1441 792 1521 818 non
1551 779 1639 817 ideo
1653 789 1814 825 excuso,

386 885 479 932 plus
517 890 690 922 souvent
722 898 729 923 ς
778 888 897 923 omni
938 889 1072 923 modo.

387 933 446 968 Cf.
470 933 561 979 plus
582 934 695 970 haut.
717 935 754 978 2,
776 936 835 972 10.

437 983 565 1017 Domo
587 983 814 1027 adferunt.
851 983 913 1019 Cf.
936 982 972 1026 6,
993 982 1016 1018 6
1036 984 1076 1018 et

393 1027 433 1063 la
455 1032 547 1064 note
569 1030 591 1064 a
608 1041 672 1066 ces
694 1033 812 1066 mots.

439 1077 627 1120 Subiiis;
648 1089 700 1113 au
721 1082 876 1113 neutre.
913 1078 1021 1113 Pour
1038 1076 1075 1112 le

391 1134 498 1167 sens,
521 1125 654 1171 suppl.
678 1127 862 1161 casibus.
884 1126 943 1160 Cf.
967 1125 1002 1165 3,
1027 1124 1072 1160 3:

391 1181 532 1215 opeS...
556 1174 802 1221 cpnditae...
833 1175 890 1209 ad
912 1174 1074 1208 subitos

394 1229 560 1267 quoque
581 1231 738 1256 casus..

442 1267 794 1305 Commentariis.
846 1268 922 1304 Ces
960 1278 1075 1303 com-

393 1317 623 1358 mentarii,
655 1316 862 1351 differents
894 1316 947 1350 du
967 1325 1075 1351 com-

393 1365 642 1399 mentarius
697 1365 953 1399 consulatus
1004 1363 1075 1398 sui

393 1411 552 1446 Graece
582 1412 841 1455 compositus
877 1411 949 1456 (ad
987 1412 1073 1445 Act.

392 1457 422 1495 1.
463 1459 508 1494 19
523 1485 531 1497 .
573 1459 632 1502 10)
674 1461 713 1494 et
752 1458 821 1494 des
860 1458 1075 1493 memoires

392 1506 490 1552 qu’il
522 1506 683 1552 redigea
712 1516 814 1553 pour
852 1505 1075 1540 l'historien

392 1553 590 1588 Lucceius
639 1555 711 1598 (acl
750 1555 872 1589 Fam.
912 1553 958 1596 V,
998 1552 1074 1597 12),

393 1601 545 1636 etaient
571 1612 626 1636 un
648 1600 795 1636 recueil
817 1601 863 1636 de
885 1600 1004 1647 plans
1038 1602 1077 1635 et

394 1648 442 1684 de
464 1649 703 1694 fragments,
725 1648 863 1695 publie
901 1648 1016 1695 apres
1037 1647 1077 1682 la

393 1699 500 1731 mort
534 1697 580 1731 de
612 1696 802 1731 l’orateur
832 1706 906 1743 par
926 1706 999 1730 son
1021 1695 1076 1730 af-

394 1743 555 1779 franchi
577 1743 684 1778 Tiro.
707 1744 844 1786 Quint.
880 1743 947 1786 IV,
976 1743 1011 1785 1,
1032 1743 1078 1778 69

395 1791 471 1826 cite
490 1802 568 1826 une
587 1793 836 1838 prosopopee
855 1790 951 1825 d'un
979 1790 1077 1836 plai-

396 1839 521 1884 doyer
536 1849 638 1885 pour
659 1839 859 1883 Scaurusg
891 1841 929 1873 et
959 1837 1077 1873 St-Je-

395 1889 507 1921 rome
527 1888 600 1931 tad
621 1887 721 1931 Ruf.
743 1886 795 1922 II.
815 1897 853 1932 p.
876 1886 958 1926 469)
998 1895 1077 1920 11116

395 1934 558 1968 defense
602 1934 649 1968 de
697 1933 911 1969 Gabinius.
947 1932 1016 1978 qui
1051 1943 1078 1978 y

396 1981 559 2016 avaient
572 1982 712 2016 trouve
726 1980 852 2027 place.
866 1980 927 2016 Cf.
944 1990 984 2015 ce
1000 1990 1077 2026 que

396 2028 581 2071 (3111561118,
624 2030 673 2062 (Ze
705 2029 820 2063 Orat.
855 2028 887 2069 1,
921 2028 979 2068 33.
1009 2026 1078 2063 152

397 2076 456 2110 dit
477 2076 529 2110 du
551 2075 718 2121 procede
740 2074 889 2121 auquel
924 2075 998 2110 fait
1024 2074 1078 2109 al-

396 2123 532 2158 lusion
548 2123 687 2165 Quint.
704 2123 804 2158 dans
820 2133 861 2158 ce
883 2132 1075 2169 passage:

397 2172 477 2210 Qui
493 2172 747 2206 ascribendi
763 2172 1077 2205 consuetudine

398 2220 456 2253 ad
490 2219 726 2253 dicendum
783 2219 915 2260 venit,
967 2218 1079 2252 hanc

401 2266 533 2309 affert
554 2266 827 2311 facultatem.
858 2269 920 2307 ut,
944 2265 1079 2300 etiam

398 2314 538 2348 subito
570 2314 608 2348 si
641 2314 775 2356 dicat,
818 2316 964 2347 tamen
986 2313 1078 2355 illa,

398 2370 508 2406 quae
525 2362 744 2402 dicantur,
761 2360 932 2395 similia
951 2361 1081 2405 scrip-

401 2411 544 2443 torum
562 2418 649 2443 esse
667 2408 928 2449 vicleantur;
950 2410 1080 2452 atque

399 2457 551 2496 etiam,
573 2456 611 2490 si
634 2457 808 2500 quando
830 2455 877 2489 in
900 2456 1080 2490 dicendo

399 2504 612 2547 seriptum
652 2503 857 2537 attulerit
892 2503 1079 2547 aliquid,

402 2560 500 2585 cum
521 2552 572 2585 ab
606 2560 650 2585 eo
684 2551 941 2592 discesserit,
974 2550 1082 2584 reli-

402 2608 489 2643 qua
507 2599 669 2633 similis
689 2598 829 2632 oratio
860 2606 1083 2642 conseque-

405 2649 490 2680 tur.

450 2694 688 2728 Feruntur.
728 2692 789 2727 Cf.
823 2692 859 2735 1,
892 2691 939 2726 24
978 2693 1015 2726 et
1043 2690 1082 2725 la

403 2743 516 2776 note.

452 2790 742 2823 Causarum...
756 2791 840 2823 tres
853 2786 1080 2822 orationes.

406 2834 570 2874 Servius
591 2835 794 2882 Sulpicius
813 2834 878 2881 (cf.
911 2835 947 2878 1,
979 2834 1026 2869 22
1046 2836 1084 2869 et

1139 887 1208 922 116
1240 897 1337 923 avec
1362 887 1419 923 les
1452 889 1583 933 notes)
1624 887 1684 923 n’e
1721 886 1817 922 ecrit

1138 944 1241 981 pour
1260 934 1300 970 la
1321 936 1511 981 post-erite
1543 945 1622 982 que
1640 934 1737 970 trois
1769 934 1818 969 de

1139 993 1202 1018 ses
1217 981 1448 1028 plai‘loyers
1461 993 1471 1028 3
1485 984 1588 1018 mais
1599 982 1628 1018 il
1643 994 1666 1017 a
1683 981 1818 1029 plaide

1137 1029 1348 1077 beaucoup
1369 1030 1474 1077 plus,
1497 1034 1536 1066 et
1557 1041 1618 1066 ses
1643 1032 1818 1065 contem-

1137 1078 1303 1124 porains
1339 1079 1502 1114 avaient
1535 1077 1713 1114 recueilli
1749 1077 1818 1112 des

1138 1125 1363 1171 fragments
1387 1136 1394 1161 :
1433 1135 1667 1161 causarum
1707 1134 1818 1171 quae

1137 1176 1242 1209 suni
1263 1176 1404 1210 actae.

1183 1221 1338 1255 Eoeacii
1358 1235 1399 1248 =
1412 1220 1609 1264 perfecti.
1627 1219 1689 1255 Cf.
1704 1219 1741 1263 2,
1757 1219 1816 1260 14,

1139 1269 1177 1303 et
1197 1267 1237 1302 la
1258 1271 1366 1304 note.
1397 1289 1444 1293 ——
1475 1269 1560 1303 Hi:
1590 1267 1774 1314 s'oppose
1796 1267 1820 1301 a

1141 1318 1227 1350 tres
1248 1317 1481 1351 orationes.
1515 1315 1622 1351 Pour
1641 1314 1819 1362 l’emploi

1139 1363 1192 1398 du
1223 1362 1512 1398 demonstratis
1541 1364 1609 1399 hic
1642 1363 1666 1398 a
1698 1364 1820 1397 tatta-

1138 1410 1232 1446 cher
1254 1411 1275 1445 a
1311 1410 1448 1457 l⁷objet
1479 1410 1516 1445 le
1534 1410 1627 1457 plus
1646 1409 1817 1457 eloigne‚

1138 1458 1188 1493 cf.
1211 1457 1251 1492 la
1269 1461 1363 1493 note
1383 1459 1407 1493 a
1424 1458 1460 1503 2,
1479 1457 1537 1493 12.

1183 1506 1243 1541 31.
1266 1507 1380 1541 Nam
1413 1519 1455 1533 =
1486 1507 1616 1552 quant
1637 1505 1684 1550 ἐι,
1709 1505 1758 1540 cf.
1781 1504 1818 1548 1,

1137 1552 1184 1588 12
1201 1554 1240 1588 et
1257 1552 1296 1588 la
1318 1555 1425 1588 note.
1441 1573 1487 1578 —-
1503 1555 1566 1587 Ad
1582 1563 1818 1597 praesens;

1139 1600 1322 1646 s'oppose
1343 1601 1367 1635 a
1387 1602 1436 1636 in
1465 1602 1735 1636 memoriam.
1758 1599 1820 1635 Ci-

1139 1648 1257 1683 ceron
1288 1658 1337 1683 ne
1372 1648 1533 1694 pensait
1562 1659 1635 1695 pas
1658 1658 1735 1694 que
1756 1657 1820 1682 ces

1139 1696 1259 1730 fruits
1281 1695 1328 1730 de
1349 1706 1423 1731 son
1464 1695 1681 1742 eloquence
1699 1695 1822 1730 dure-

1139 1743 1269 1778 raient
1289 1742 1451 1778 aii-dela
1486 1743 1555 1778 des
1577 1743 1822 1778 circonstan-

1140 1801 1203 1826 ces
1236 1791 1306 1836 qui
1336 1790 1394 1825 les
1423 1791 1586 1826 avaient
1613 1790 1820 1837 produits3

1139 1838 1277 1880 Quint.
1324 1838 1485 1873 insinue
1539 1837 1577 1873 le
1621 1837 1822 1872 contraire

1141 1885 1189 1920 (16
1229 1884 1446 1930 Sulpicius,
1495 1905 1541 1910 —
1578 1885 1820 1928 Contraxit,

1139 1942 1189 1967 ne
1222 1935 1319 1967 veut
1351 1943 1424 1979 pas
1456 1932 1566 1968 dire:
1603 1944 1627 1967 α
1654 1933 1820 1977 αόνέᾳέ,

1140 1979 1270 2015 mais:
1311 1989 1338 2014 a
1371 1981 1501 2015 re'uni
1535 1990 1587 2014 en
1620 1981 1822 2021 volume;

1139 2027 1347 2073 identique
1376 2028 1398 2062 a
1419 2028 1577 2072 cliyesti
1600 2027 1648 2062 in
1676 2028 1819 2062 libros.

1140 2075 1200 2110 Cf.
1222 2074 1362 2117 Sum..
1397 2076 1446 2110 de
1483 2075 1564 2109 vir.
1596 2075 1715 2110 illus.
1739 2073 1821 2115 106,

1141 2122 1202 2157 ed.
1236 2122 1470 2157 Reiffersch.
1491 2133 1530 2169 p.
1552 2122 1641 2157 1135:
1662 2124 1823 2157 Seneca

1141 2172 1361 2206 contracto
1376 2170 1573 2204 omnium
1590 2170 1823 2215 (notarum)

1143 2218 1387 2262 cliyestoque
1419 2221 1458 2252 et
1486 2220 1612 2252 aucto
1641 2225 1823 2252 numero

1142 2275 1246 2309 opus
1268 2265 1409 2308 effecit
1431 2265 1479 2299 in
1507 2265 1698 2310 quinque
1720 2265 1825 2299 mil-

1146 2313 1222 2347 Zia.

1198 2360 1294 2394 Tiro
1328 2359 1396 2400 (Μ.
1438 2358 1629 2403 Tullius),
1666 2357 1749 2393 ami
1786 2360 1827 2393 et

1143 2407 1341 2442 affranchi
1368 2407 1415 2442 de
1436 2406 1615 2450 Cic-eron,
1637 2406 1826 2441 survecut

1144 2455 1375 2500 longtemps
1396 2455 1418 2489 a
1432 2453 1638 2496 l’orateur,
1659 2454 1827 2488 raconta

1145 2512 1189 2537 sa
1225 2502 1300 2542 vie,
1339 2501 1539 2536 recueillit
1571 2511 1633 2536 ses
1671 2500 1825 2543 lettres,

1145 2560 1208 2584 ses
1230 2549 1411 2584 discours
1433 2551 1472 2584 et
1499 2551 1628 2583 meme
1649 2548 1826 2583 sesbons

1146 2599 1274 2632 mots:
1303 2597 1475 2641 z'nyenio
1491 2597 1613 2631 homo
1635 2595 1826 2640 eleyanti

1146 2647 1187 2679 et
1208 2645 1547 2688 haudquaquam
1588 2653 1733 2678 rerum
1761 2643 1827 2676 lit-

1149 2695 1426 2736 terarumque
1448 2694 1637 2726 veierum
1675 2691 1826 2725 indoc-

1149 2742 1217 2774 tus
1241 2739 1360 2784 (Arm.
1383 2738 1483 2774 GEL.
1508 2739 1574 2779 Vl,
1596 2738 1631 2782 3,
1654 2738 1705 2782 8).

1193 2788 1289 2821 Non
1319 2786 1458 2821 ideo...
1494 2786 1612 2830 quia.
1646 2784 1749 2830 EtJ'e
1776 2794 1827 2819 ne

1148 2834 1315 2869 cherche
1333 2843 1407 2880 pas
1423 2843 1472 2868 en
1493 2832 1656 2880 pai-lant
1677 2832 1826 2868 ainsi...

1993 271 1996 278 <
1996 249 1997 253 Α
1986 146 1997 213 ,ἠρω-
