1997 3231
782 112 1021 156 -143-

185 209 305 260 color,
336 222 415 248 non
449 209 723 261 superstitiose
753 210 932 259 cogitatis
953 210 1117 248 demum
1140 214 1199 249 est
1221 210 1533 251 inhaerendum.

183 276 322 326 Neque
342 275 450 313 enim
471 279 628 313 tantum
649 274 799 313 hahent
819 287 954 324 curae,
979 278 1023 312 ut
1044 288 1123 313 non
1145 275 1196 313 sit
1219 275 1376 314 dandus
1397 279 1435 314 et
1455 277 1534 314 for-

183 345 305 379 tunae
339 341 464 390 locus,
495 353 589 379 cum
621 352 738 390 saepe
771 340 888 377 etiam
912 340 1072 390 scriptis
1094 353 1139 378 ea
1161 353 1263 391 quae
1287 341 1420 379 subito
1442 346 1533 380 nata

181 406 275 441 sunt
308 403 552 441 inserantur.
599 402 772 452 Ideoque
803 405 932 440 totum
966 402 1039 439 hoc
1071 403 1366 441 exercitationis
1399 416 1532 453 genus

184 468 237 506 ita
269 468 563 505 instituendum
595 471 668 514 est,
702 470 746 504 ut
779 470 818 504 et
849 467 1002 517 digredi
1037 479 1083 504 ex
1118 480 1162 505 eo
1183 471 1222 505 et
1242 468 1397 517 regredi
1421 469 1462 506 in
1496 469 1534 506 id

186 533 299 571 facile
320 528 534 583 possimus.
593 533 697 570 Nam
719 536 763 570 ut
784 532 961 582 primum
992 536 1051 570 est
1085 533 1202 570 domo
1235 533 1390 572 adferre
1423 547 1536 585 para—

186 602 267 636 tam
287 598 444 636 dicendi
464 598 619 649 copiam
639 601 677 635 et
697 602 862 646 certam,
885 598 938 636 ita
960 598 1134 636 refutare
1155 599 1347 648 temporis
1365 612 1534 638 munera

185 663 300 714 longe
321 664 605 702 stultissimum
626 668 699 702 est.
742 663 875 710 Quare
895 663 1078 712 cogitatio
1099 663 1140 701 in
1155 663 1230 701 hoc
1259 668 1534 714 praeparetur,

187 733 233 767 ut
253 742 324 767 nos
338 730 496 768 fortuna
517 729 700 780 decipere
719 742 797 767 non
820 729 960 780 possit,
983 728 1173 779 adjuvare
1195 728 1333 779 possit.
1384 727 1427 765 Id
1466 741 1537 767 au-

188 797 269 832 tem
298 794 366 832 fiet
403 795 621 834 memoriae
652 794 820 839 viribus,
854 798 899 832 ut
932 794 1014 844 illa,
1046 806 1149 844 quae
1181 793 1377 844 complexi
1399 794 1534 831 animo

189 871 346 909 sumus,
384 860 512 897 fluant
541 872 695 908 secura,
730 873 810 898 non
831 859 1019 898 sollicitos
1039 863 1078 897 et
1099 859 1357 910 respicientes
1395 863 1434 897 et
1453 872 1534 898 una

189 936 257 975 spe
279 936 495 975 suspensos
516 925 801 963 recordationis
839 938 919 963 non
950 925 1083 963 sinant
1118 924 1350 975 providere:
1388 924 1536 976 alioqui

188 989 248 1027 vel
278 990 589 1040 extemporalem
621 990 889 1029 temeritatem
921 989 1024 1028 malo
1044 1002 1166 1040 quam
1187 989 1291 1028 male
1312 989 1535 1028 cohaeren-

191 1121 261 1157 116
282 1124 321 1158 et
338 1122 384 1158 59
404 1133 499 1158 aveo
519 1122 576 1158 les
595 1125 710 1158 notes
729 1127 767 1158 01
782 1122 875 1169 plus

193 1170 265 1203 has
281 1172 316 1212 7,
329 1171 350 1204 7
370 1180 377 1204 :
401 1172 661 1214 scriptorum
677 1172 873 1206 colorem.

192 1216 271 1251 Ici:
303 1219 484 1262 quelque
512 1219 780 1262 inspiration
813 1229 876 1252 szc-

193 1265 290 1299 bite.
313 1264 446 1300 L'idee
467 1265 691 1312 d⁷iniprevu
706 1265 876 1301 estdans

193 1312 424 1355 offulserit.
447 1333 491 1337 —
511 1315 658 1359 Aliqui
676 1323 779 1360 pour
799 1314 878 1348 ali-

195 1360 304 1404 quis,
327 1359 567 1396 archaisme.

243 1407 564 1451 Superstitiose.
599 1409 654 1443 De
684 1410 814 1443 meme
844 1406 875 1449 Ι,

195 1454 230 1490 1,
251 1454 322 1489 13;
346 1464 431 1489 non
451 1456 524 1491 hoo
543 1457 649 1491 adeo
669 1456 877 1499 supersti-

199 1504 302 1536 tiose
339 1502 437 1547 fieri
488 1504 631 1538 velim.
671 1502 848 1537 Ailleurs
868 1511 874 1536 :

196 1550 444 1594 scrupulose
476 1550 560 1593 (IV,
593 1551 628 1594 5,
660 1550 809 1594 6010).
834 1569 878 1573 —

196 1597 376 1631 Demum
398 1597 600 1638 restrictis,
641 1597 836 1643 equivaut
856 1607 879 1630 a

196 1654 274 1690 peu
294 1645 385 1690 pres
407 1655 430 1678 a
453 1648 641 1680 tantum.
665 1646 725 1679 Cf.
748 1646 783 1688 1,
805 1644 876 1679 44:

191 1701 343 1735 fressa
383 1693 553 1727 demum
594 1696 631 1727 et
666 1693 702 1734 Q,
742 1693 778 1727 8.
816 1691 876 1725 Cf.

198 1738 317 1773 me.
338 1740 412 1782 Ep.
429 1740 487 1782 10,
503 1739 567 1775 33:
583 1741 712 1775 Nobis
730 1742 878 1774 autem

199 1786 374 1821 utilitas
423 1787 599 1822 demum
642 1788 880 1832 spectanda

199 1836 274 1868 est.

246 1881 481 1924 Fortunae,
503 1881 553 1916 cf.
575 1883 594 1917 1
615 1892 622 1917 ;
664 1885 880 1926 extempo-

199 1930 339 1963 ralem
356 1928 601 1973 fortunam.

245 1977 312 2011 Ex
350 1985 447 2012 eo...
490 1977 538 2011 in
577 1979 677 2013 id...
708 1977 772 2012 Au
802 1976 880 2011 dis-

201 2032 317 2058 cours
348 2023 401 2058 tel
433 2034 510 2070 que
542 2024 578 2060 le
604 2024 754 2060 travail
773 2024 820 2060 de
842 2024 882 2058 la

202 2070 439 2106 meditation
471 2072 704 2117 (ooyitatio)
723 2071 774 2106 l’a
813 2081 883 2106 ar-

202 2119 283 2153 rete
310 2117 513 2153 d’avance.

248 2165 283 2200 6.
307 2167 434 2200 Domo
453 2165 629 2208 adferre
645 2176 657 2199 .·
695 2167 883 2212 apportet·

202 2211 249 2247 de
271 2212 363 2247 chez
400 2212 472 2247 soi.
509 2212 569 2247 Cf.
597 2213 633 2254 7,
655 2213 723 2249 30:
767 2215 881 2252 Quae

204 2261 325 2295 domo
346 2260 572 2304 adferunt.
595 2259 653 2295 De
673 2263 801 2295 meme
831 2260 880 2303 II,

202 2307 238 2349 1,
259 2307 302 2342 8:
329 2308 636 2354 (p1·aeceptor)...
662 2309 802 2343 multa
824 2318 884 2343 co-

205 2355 311 2390 tidie
331 2356 464 2397 dicat,
486 2365 596 2399 quae
632 2365 776 2390 secum
798 2365 883 2390 au-

203 2403 364 2437 ditores
385 2402 597 2446 referant.
618 2402 729 2437 Dans
747 2402 784 2438 10
798 2402 884 2437 lan-

202 2459 302 2494 gage
321 2450 369 2484 de
401 2449 549 2484 recole.
583 2449 667 2484 l'un
703 2449 884 2485 s'entend

202 2498 270 2531 des
300 2498 473 2531 travaux
502 2507 578 2543 que
608 2496 665 2532 les
695 2496 883 2544 disciples

203 2546 418 2589 apportent
438 2544 486 2579 (10
507 2544 599 2579 enez
621 2554 713 2586 eux,
738 2544 884 2579 l'autre

203 2591 273 2625 des
291 2590 426 2634 lecons
444 2591 564 2637 qu'ils
591 2595 818 2637 emportent
836 2592 884 2627 de

204 2637 296 2673 chez
317 2637 352 2673 10
372 2642 528 2673 manre.
561 2638 662 2684 Deja
697 2639 790 2674 chez
823 2639 884 2674 Ci—

204 2686 335 2728 001011,
357 2686 468 2720 Orat.
490 2687 549 2727 26.
570 2685 641 2721 SJ:
672 2687 793 2721 domo
814 2688 885 2721 αἰ-

207 2733 314 2774 lata,
351 2743 461 2777 quae
488 2734 747 2778 plerumque
783 2737 884 2769 sunt

205 2779 388 2825 Γνὶῃίάιι.

985 1122 1237 1166 Refcctczre...
1261 1132 1447 1160 munera
1478 1140 1520 1153 =
1550 1136 1622 1161 re—

931 1171 1134 1214 pudiare.
1184 1170 1245 1205 Cf.
1284 1170 1369 1208 Cic.
1402 1186 1481 1219 pro
1518 1175 1618 1210 Rab.

937 1219 1052 1253 Post.
1091 1219 1166 1253 16:
1213 1220 1348 1257 Quam
1381 1223 1619 1258 bonitatem

939 1275 1024 1300 non
1064 1267 1185 1300 modo
1210 1277 1294 1301 non
1317 1270 1549 1313 aspernari
1570 1279 1620 1305 ae

938 1313 1152 1357 refutare,
1166 1315 1239 1348 secl
1249 1318 1471 1360 complecti
1488 1318 1619 1352 etiam

957 1387 980 1394 ..
1014 1361 1214 1396 debemus
1254 1363 1291 1396 et
1328 1366 1448 1400 Taso.
1472 1365 1523 1406 II,
1546 1366 1616 1399 23:

939 1408 1171 1451 Refiitetur
1191 1419 1242 1444 ao
1262 1412 1492 1453 reficiatur
1515 1412 1621 1446 Phi-

942 1455 1142 1490 locteteus
1174 1457 1249 1492 ille
1289 1459 1465 1494 clamor.
1515 1459 1619 1494 Chez

939 1502 1076 1544 Quint.
1100 1503 1323 1540 seulement
1339 1507 1361 1540 a
1375 1510 1477 1543 cette
1491 1506 1618 1554 place.

985 1576 1123 1610 Non...
1147 1586 1246 1611 non.
1271 1576 1386 1612 Deux
1408 1578 1620 1624 negations

940 1622 1009 1668 qui
1031 1623 1314 1659 enclievetrent
1332 1624 1535 1672 lat-phrase
1553 1636 1560 1661 :
1582 1628 1619 1661 et

940 1680 1020 1704 non
1060 1681 1133 1716 pas
1181 1681 1259 1717 que
1297 1671 1337 1707 la
1383 1673 1622 1708 meditation

940 1716 1143 1763 prealable
1158 1720 1281 1762 (quae
1294 1722 1505 1764 complexi
1527 1722 1622 1756 ani-

942 1768 1021 1807 mo)
1038 1775 1140 1800 nous
1153 1767 1452 1812 empecheozon
1467 1770 1622 1804 sinant

939 1826 980 1839 =
997 1813 1314 1859 prohibeant)...

989 1873 1325 1916 Respicientes...
1372 1876 1619 1919 providere.

942 1919 1003 1955 Cf.
1026 1919 1119 1967 plus
1139 1920 1252 1964 haut,
1274 1922 1309 1965 3,
1329 1922 1398 1957 10:
1438 1924 1623 1958 resista-

944 1978 1040 2002 mus
1077 1971 1126 2002 ut
1161 1969 1485 2012 provideamus,
1527 1980 1621 2005 avec

941 2014 981 2049 la
1003 2018 1108 2050 note.
1150 2015 1184 2050 Il
1205 2027 1231 2061 y
1252 2026 1275 2050 a
1294 2016 1345 2052 ici
1366 2027 1444 2052 une
1466 2028 1624 2064 compa-

942 2063 1078 2097 raison
1114 2063 1313 2109 analogue
1327 2091 1336 2106 ‚
1374 2065 1470 2100 tire'e
1507 2064 1554 2100 de
1584 2064 1623 2099 la

943 2120 1083 2145 course
1098 2110 1201 2145 dans
1212 2110 1249 2146 10
1260 2112 1386 2147 stade.
1404 2113 1622 2156 Respicere

943 2160 1004 2192 est
1019 2157 1056 2192 10
1078 2158 1219 2203 regard
1239 2158 1395 2205 inquiet
1415 2170 1492 2205 que
1525 2160 1624 2205 Jette

942 2203 979 2239 le
1016 2215 1184 2240 coureur
1220 2216 1289 2240 sur
1326 2206 1495 2253 l⁷espace
1537 2217 1625 2254 par-

944 2262 1145 2294 couru‚au
1165 2252 1246 2288 lieu
1268 2252 1422 2288 d'avoir
1441 2254 1500 2290 les
1518 2265 1625 2299 yeux

943 2299 1091 2334 tendus
1126 2310 1217 2335 vers
1270 2300 1306 2335 le
1353 2301 1440 2336 hut.
1491 2301 1593 2337 D'ou
1615 2312 1622 2336 :

943 2348 1177 2391 quaeritur
1196 2350 1458 2384 retrorsus...

1000 2405 1090 2439 Una
1128 2415 1216 2449 spe.
1233 2434 1264 2441 ..
1292 2407 1623 2442 recordationis.

944 2451 1004 2486 Cf.
1041 2452 1144 2488 FEN.
1180 2453 1295 2488 Dicit.
1318 2464 1396 2489 sur
1419 2455 1564 2498 t'Eloq.
1592 2453 1623 2493 I,

943 2499 1096 2535 faisant
1135 2499 1175 2534 la
1209 2501 1377 2546 critique
1422 2501 1491 2535 des
1533 2511 1627 2535 ora—

944 2549 1067 2588 teurs,
1120 2547 1212 2593 plus
1258 2547 1627 2593 particulierement

945 2593 992 2629 de
1008 2594 1274 2630 Bourdalone.
1292 2595 1362 2640 qui
1374 2597 1628 2641 apprennent

945 2652 1018 2687 par
1038 2652 1147 2676 000111·
1167 2648 1206 2677 et
1224 2646 1315 2677 sont
1330 2643 1539 2688 paralyses
1553 2652 1627 2689 par

943 2688 984 2723 la
1007 2689 1159 2724 crainte
1177 2689 1225 2723 de
1247 2692 1371 2724 restet
1391 2692 1518 2724 court.

992 2737 1187 2779 Extemp.
1226 2737 1531 2771 temeritatem.
1563 2735 1625 2771 Cf.

947 2782 1040 2830 plus
1058 2783 1171 2823 haut,
1190 2783 1224 2826 6,
1248 2783 1282 2818 1.
