1997 3231
814 96 1052 138 -107-

220 203 298 243 lius
317 203 450 243 dixit?
472 203 572 243 Mihi
593 203 756 255 quidem
776 203 873 242 satis
904 206 1024 253 esset,
1048 201 1081 240 si
1103 200 1237 240 omnia
1268 198 1459 251 consequi
1480 211 1570 250 pos-

221 282 321 308 sem.
345 269 450 316 Quid
470 273 606 308 tamen
630 272 791 307 noceret
817 269 898 306 vim
918 267 1113 317 Caesaris,
1140 266 1396 318 asperitatem
1428 264 1566 314 Caelii,

221 335 469 385 diligentiam
490 334 695 382 Pollionis,
707 334 908 385 judicium
929 333 1037 373 Calvi
1057 332 1302 383 quibusdam
1323 331 1364 369 in
1384 330 1481 368 locis
1501 329 1569 368 ad-

221 412 383 440 sumere
397 400 416 438 ‘?
437 401 541 440 Nam
560 404 718 451 praeter
737 400 777 438 id
797 399 903 450 quod
929 398 1139 449 prudentis
1172 401 1248 446 est,
1270 396 1376 447 quod
1397 396 1439 434 in
1462 408 1564 446 quo-
1598 394 1650 435 26

218 478 296 517 que
316 467 513 517 optimum
533 469 608 512 est,
632 465 665 503 si
686 465 822 516 possit,
854 477 976 503 suum
996 464 1141 512 facere,
1179 466 1267 500 tum
1302 463 1345 500 in
1371 465 1480 499 tanta
1508 461 1565 498 rei

221 531 455 570 difficultate
483 543 612 569 unum
631 531 836 570 intuentes
865 530 931 568 vix
951 530 1086 580 aliqua
1112 541 1205 579 pars
1233 528 1430 578 sequitur.
1465 527 1570 564 Ideo-

219 610 298 649 que
317 611 411 636 cum
438 602 567 636 totum
593 598 818 648 exprimere
838 609 961 647 quem
989 596 1156 645 elegeris
1186 606 1311 645 paene
1334 595 1386 632 sit
1414 592 1569 631 homini

221 663 517 711 inconcessum,
538 662 718 713 plurium
745 661 849 700 bona
876 673 1072 712 ponamus
1101 664 1194 699 ante
1220 659 1370 707 oculos,
1393 663 1438 696 ut
1459 657 1568 696 aliud

220 740 268 766 ex
287 728 364 766 alio
401 728 578 777 haereat,
612 731 651 765 et
684 740 762 778 quo
793 727 971 778 quidque
1004 727 1088 765 loco
1110 726 1330 764 'conveniat
1365 729 1565 776 aptemus.

272 793 445 831 Imitatio
464 796 599 830 autem
622 793 734 846 (nam
753 793 912 844 saepius
938 793 1046 831 idem
1062 793 1209 842 dicam)
1234 804 1314 829 non
1336 792 1388 829 sit
1410 793 1570 828 tantum
1599 787 1650 826 <27

218 859 261 897 in
280 858 425 897 verbis.
461 858 559 897 Illuc
585 859 830 897 intendenda
863 871 994 907 mens,
1039 862 1239 909 quantum
1269 857 1391 895 fuerit
1415 856 1492 894 illis
1515 856 1573 893 vi-

217 925 273 962 ris
292 924 446 963 decoris
466 925 508 963 in
537 925 659 963 rebus
687 928 806 975 atque
833 925 1032 975 personis,
1072 924 1179 975 quod
1210 924 1440 971 consilium,
1469 933 1572 973 quae

216 989 436 1040 dispositio,
458 1002 581 1041 quam
613 990 763 1038 omnia,
787 990 909 1029 etiam
941 1002 1044 1041 quae
1077 989 1328 1028 delectationi
1357 988 1570 1027 rideantur

215 1054 320 1105 data,
343 1055 394 1094 ad
424 1055 632 1094 victoriam
664 1059 873 1107 spectent:
909 1056 1006 1106 quid
1038 1059 1181 1105 agatur
1212 1055 1430 1107 prooemio,
1465 1066 1568 1104 quae

214 1122 314 1159 ratio
346 1124 386 1159 et
400 1133 523 1171 quam
551 1121 659 1159 varia
688 1121 896 1170 narrandi,
929 1134 1031 1172 quae
1059 1122 1118 1160 vis
1142 1121 1338 1173 probandi
1370 1133 1416 1159 ac
1436 1119 1560 1158 refel-

214 1186 337 1235 lendi,
360 1190 509 1236 quanta
529 1186 571 1224 in
590 1186 813 1224 adfectibus
829 1188 960 1225 omnis
982 1188 1142 1237 generis
1159 1187 1367 1225 movendis
1383 1185 1565 1234 scientia,

213 1264 416 1303 quamque
447 1251 534 1290 laus
576 1251 662 1302 ipsa
704 1252 906 1303 popularis
940 1253 1125 1292 utilitatis
1160 1253 1289 1304 gratia
1333 1252 1565 1302 adsumpta,

215 1350 540 1385 Demosthenem
573 1352 615 1385 et
635 1350 895 1393 Ciceronem,

216 1400 289 1433 etc.
311 1397 381 1432 105
400 1400 439 1432 et
460 1397 565 1432 suiv.

262 1446 443 1480 Noceret
456 1455 469 1486 ;
484 1444 721 1491 l'imparfait
742 1446 780 1479 et
795 1455 894 1480 non:

217 1495 380 1535 noceat,
403 1502 520 1538 parce
541 1502 618 1538 que
644 1491 898 1538 l'hypothese

215 1550 318 1585 pour
349 1539 484 1581 Quint.
506 1539 607 1574 n’est
638 1550 711 1586 pas
737 1539 899 1574 realis-a-

215 1586 299 1622 ble.
317 1586 367 1622 K.
386 1586 438 1629 ΙΙ,
453 1587 522 1623 148
537 1587 692 1622 etsuiv.
715 1586 821 1622 Ponr
839 1587 898 1622 les

214 1645 332 1670 noms
348 1634 418 1680 qui
433 1634 594 1669 suivent
607 1634 657 1668 cf.
679 1634 710 1677 Ι,
728 1634 810 1675 114,
829 1635 899 1670 115

215 1685 254 1717 et
274 1681 369 1725 1133
392 1684 430 1717 et
450 1681 548 1717 TAc.
570 1682 684 1716 Dial.
704 1682 776 1717 25:
810 1684 899 1717 Ad—

214 1730 409 1765 strictior
425 1727 597 1771 Calvus,
624 1731 899 1765 numerosior

214 1777 409 1820 Asinius,
425 1777 697 1821 splendidior
709 1778 896 1813 Caesar..

214 1825 413 1859 amarior
431 1825 646 1860 Caelius...
670 1825 898 1860 vehemen-

216 1873 298 1906 tior
335 1875 374 1906 et
408 1873 577 1918 plenior
611 1875 651 1906 et
680 1873 898 1908 valentior

214 1919 368 1954 Cicero.
404 1920 512 1955 Pour
539 1919 579 1954 la
600 1919 721 1963 force,
744 1919 897 1965 qualite

213 1966 446 2002 dominante
462 1967 510 2002 de
530 1966 654 2002 Cesar
674 1977 828 2002 comme
850 1967 898 2002 de

215 2013 502 2057 Demosthene,
523 2014 574 2049 cf.
596 2013 628 2056 I,
647 2015 682 2048 7.
704 2014 775 2049 34:
809 2015 897 2049 vim

215 2061 253 2095 C.
292 2061 490 2097 Caesaris
523 2061 753 2105 freyerunt
789 2063 898 2096 editi

214 2109 265 2143 de
286 2110 495 2153 analoyia
518 2109 618 2142 libri
637 2107 654 2142 ?
669 2111 709 2143 et
728 2108 820 2150 XII,
837 2109 896 2151 10,

213 2155 257 2190 11
275 2167 283 2189 :
324 2156 413 2191 vim
452 2156 663 2197 Caesaris.
706 2156 898 2191 indolem

215 2203 365 2244 Caelii,
403 2204 693 2238 subtilitatem
722 2204 896 2246 Calidii,

213 2250 494 2294 diliyentiam
507 2250 898 2286 Pollionis...sanc-

220 2298 392 2332 titatem
420 2299 583 2333 Calvi...
618 2298 899 2333 acerbitatem

217 2345 354 2379 Cassii
399 2346 680 2389 reperiemus,
727 2347 800 2380 etc.
837 2344 899 2381 On

214 2394 402 2427 trouvera
432 2403 488 2427 un
519 2390 700 2437 exempla>
733 2393 899 2427 curieux

214 2438 262 2473 de
282 2437 527 2484 l'asperitas
559 2439 607 2475 de
630 2438 804 2483 Caelius,
827 2439 896 2484 IV,

213 2484 250 2528 2,
272 2485 355 2521 123.

260 2543 512 2583 Adsumere‚
547 2552 596 2577 au
649 2552 741 2577 sens
788 2541 900 2577 ordi-

215 2589 328 2624 naire
371 2589 418 2624 de
457 2591 703 2632 adjoindre,
732 2591 770 2624 et
816 2599 899 2625 non

219 2646 373 2671 comme
412 2636 431 2671 I
449 2663 458 2679 ,
497 2637 565 2672 1:21
591 2647 598 2672 ε
624 2638 796 2672 verba...
826 2638 902 2672 ad-

215 2687 400 2727 sumpta,
439 2685 709 2728 expressions
731 2685 899 2720 detour-

217 2732 316 2765 nees
337 2731 388 2765 de
411 2731 507 2766 leur
526 2742 624 2767 sens
640 2742 811 2775 propre.
834 2731 896 2767 Cf.

215 2777 311 2823 plus
327 2777 415 2819 has,
431 2778 477 2813 27
494 2789 501 2814 :
522 2780 737 2814 utilitatis
750 2780 899 2824 qratia

221 2826 467 2869 adsumpta.

1010 1351 1068 1387 26.
1092 1352 1276 1387 Praeter
1298 1353 1396 1387 id...
1419 1353 1544 1397 quod.
1585 1350 1649 1386 Cf.

963 1400 999 1443 1,
1019 1399 1066 1435 23
1085 1409 1181 1435 avec
1199 1399 1241 1434 la
1261 1402 1368 1434 note.

1013 1448 1221 1492 Sequitur
1242 1458 1255 1481 .·
1288 1448 1543 1491 Sequuntur
1572 1456 1649 1489 res,

965 1505 1093 1541 quum
1130 1496 1273 1541 sponte
1315 1495 1500 1537 veniunt,
1533 1493 1651 1530 facile

964 1543 1081 1584 fiunt,
1101 1552 1232 1588 neque
1254 1552 1324 1588 per
1337 1545 1465 1577 artem
1483 1545 1555 1577 aut
1566 1542 1652 1576 vim

965 1590 1218 1632 affectantur,
1259 1589 1510 1636 feliciterque
1557 1600 1653 1624 suc—

965 1637 1125 1679 cedunt,
1149 1647 1198 1672 ex
1217 1636 1309 1683 ipsa.
1330 1647 1464 1672 rerum
1503 1640 1652 1672 natura

965 1684 1083 1731 quasi
1104 1685 1304 1726 oriuntur,
1340 1694 1421 1720 non
1444 1694 1652 1720 arcessun-

964 1736 1030 1767 tnr
1052 1731 1211 1777 (Wolf.)
1233 1732 1290 1766 Cf.
1315 1732 1431 1767 me.
1466 1734 1540 1776 Ep.
1562 1732 1593 1773 Ι,
1612 1730 1649 1775 8,

963 1781 1031 1815 14:
1071 1779 1242 1823 Sequi...
1265 1780 1422 1824 yloria,
1461 1790 1547 1815 non
1568 1781 1652 1815 ad-

958 1828 1049 1873 peti
1077 1827 1194 1862 debet
1231 1828 1270 1861 et
1290 1826 1411 1862 SALL.
1432 1828 1520 1863 Cat.
1544 1827 1580 1870 3,
1601 1827 1644 1862 2:

963 1876 1310 1919 haudquaquam
1350 1885 1437 1919 par
1489 1876 1646 1920 yloria,

962 1923 1164 1967 sequitur
1202 1923 1455 1967 scriptorem
1501 1926 1542 1958 et
1575 1932 1652 1958 ac-

964 1974 1099 2006 torem
1116 1979 1280 2004 rerum.

1008 2019 1202 2053 Haereat
1219 2045 1227 2052 .
1244 2047 1250 2053 .
1268 2046 1276 2053 .
1343 2019 1644 2054 conveniat...

938 2094 944 2098 .
963 2068 1075 2109 apte.
1101 2064 1405 2100 Reminiscence
1427 2065 1647 2101 d'Horace:

963 2114 1080 2152 Quod
1103 2121 1188 2146 non
1199 2114 1417 2156 proposito
1439 2115 1651 2149 conducat

963 2163 1003 2195 et
1033 2160 1212 2194 haereat
1240 2163 1352 2203 apte.
1391 2162 1438 2194 A.
1470 2162 1534 2202 P.‚
1565 2160 1648 2196 195.

963 2207 1019 2242 Ici
1059 2216 1155 2241 avec
1190 2207 1381 2250 haerere,
1425 2207 1559 2255 suppl.
1599 2209 1648 2242 in

964 2255 1114 2290 animo
1145 2254 1339 2299 leyentis.

987 2301 1068 2385 6⁵27.
1110 2303 1306 2346 Saepius.
1342 2302 1376 2338 I]
1396 2302 1447 2338 l'a
1469 2303 1528 2338 dit
1548 2301 1594 2338 13
1611 2304 1650 2338 et

1008 2399 1194 2434 Decoris.
1235 2397 1295 2433 Cf.
1333 2397 1365 2440 I,
1408 2397 1454 2433 27
1485 2406 1579 2432 avec
1608 2396 1650 2432 la

963 2447 1071 2480 note.
1476 2452 1481 2456 ’

1010 2494 1074 2527 Ad
1094 2493 1338 2529 victoriam.
1360 2492 1422 2529 Cf.
1438 2493 1532 2537 1,Ξ),9
1554 2504 1649 2530 avec

963 2539 1004 2574 la
1023 2542 1142 2576 note:
1164 2541 1222 2575 ad
1239 2541 1462 2576 victoriam
1485 2542 1583 2576 niti.

1010 2588 1128 2623 Laus
1148 2589 1392 2632 popularis,
1422 2598 1576 2623 comme
1609 2589 1646 2632 1,

963 2634 1033 2670 17:
1072 2636 1358 2670 laudantium
1397 2636 1589 2678 clamor;
1618 2636 1648 2672 il

963 2681 1081 2728 s'agit
1110 2682 1157 2717 de
1186 2681 1227 2716 la
1257 2681 1366 2716 foule
1387 2682 1458 2728 qui
1479 2686 1646 2719 entoure

961 2727 998 2764 le
1039 2728 1218 2764 tribunal
1252 2739 1262 2772 ;
1303 2728 1402 2764 TAc.
1439 2730 1550 2765 Dial.
1590 2730 1643 2767 6:

962 2777 1074 2812 coire
1121 2776 1333 2820 populum
1379 2779 1419 2811 et
1451 2778 1644 2813 circum-

960 2823 1095 2867 fundi
1116 2832 1362 2859 coronam...
