1997 3231
744 88 981 127 —111—

156 194 329 233 rumque
361 183 540 233 agendus
575 187 636 222 est
661 187 700 222 et
726 184 901 235 pondera
931 185 1185 235 singulorum
1219 186 1500 226 examinanda.

150 247 247 287 Post
269 248 409 287 subeat
437 249 537 287 ratio
564 249 780 288 collocandi
811 254 1102 300 versenturque
1138 252 1248 290 omni
1286 253 1403 291 modo
1425 268 1506 293 nu-

150 311 268 360 meri,
291 323 371 350 non
393 315 437 349 ut
467 312 652 362 quodque
688 325 730 351 se
760 313 933 363 proferet
963 313 1132 351 verbum
1155 319 1321 365 occupet
1353 315 1500 356 locum.

152 377 263 423 Quae
284 377 447 428 quidem
469 381 514 415 ut
544 378 777 428 diligentius
811 391 1074 429 exequamur,
1098 381 1311 430 repetenda
1345 383 1504 434 saepius
1559 384 1584 422 6

150 447 270 482 erunt
291 444 532 495 scriptorum
550 444 744 494 proxima.
762 444 865 482 Nam
888 446 1046 494 praeter
1066 444 1121 492 id,
1145 445 1251 494 quod
1279 446 1335 484 sic
1361 448 1506 487 melius

144 508 377 558 sung-untur
397 509 596 560 prioribus
618 509 838 559 sequentia,
860 508 966 546 calor
985 521 1143 559 quoque
1164 509 1229 547 ille
1258 511 1506 560 cogitationis

161 574 230 624 qui
251 574 451 612 scribendi
471 587 582 612 mora
614 574 784 624 refrixit,
807 574 948 624 recipit
967 587 1013 612 ex
1036 574 1190 624 integro
1211 575 1315 614 vires
1337 580 1376 614 et
1397 578 1505 616 velut

149 640 316 690 repetito
337 640 462 691 spatio
485 639 609 678 sumit
642 639 839 691 impetum
863 651 870 676 :

893 639 999 690 quod
1032 639 1074 677 in
1095 640 1314 678 certamine
1336 641 1503 680 saliendi

150 704 238 742 fieri
263 705 458 751 videmus,
483 708 528 742 ut
562 708 750 743 conatum
788 704 948 754 longius
970 708 1107 756 petant
1136 709 1174 743 et
1203 706 1252 744 ad
1287 706 1401 754 illud,
1426 721 1504 758 quo

152 770 419 819 contenditur,
459 771 635 822 spatium
669 783 792 808 cursu
826 771 1020 816 ferantur,
1058 774 1184 821 utque
1220 771 1262 810 in
1287 771 1503 822 jaculando

148 834 337 874 bracchia
370 835 602 874 reducimus
634 840 673 874 et
706 836 913 887 expulsuri
949 835 1028 875 tela
1051 848 1193 874 nervos
1229 841 1335 875 retro
1370 839 1500 876 tendi-

149 901 298 939 dimus.
322 901 490 940 Interim
505 905 655 953 tamen,
682 902 715 940 si
736 902 837 940 feret
856 902 990 953 ssatus,
1014 902 1145 941 danda
1166 907 1263 942 sunt
1283 905 1386 956 vela,
1406 905 1504 944 dum
1559 904 1583 944 7

151 1037 342 1073 militaire
356 1048 367 1083 3
399 1037 447 1073 de
473 1040 602 1073 meme
622 1038 835 1074 detectum

149 1085 320 1128 habere,
344 1087 460 1131 faire
478 1096 562 1121 une
581 1087 705 1128 lewe,
718 1096 835 1132 parce

149 1143 229 1179 que
265 1135 366 1168 cette
401 1133 510 1168 leve'e
532 1136 592 1169 est
613 1144 667 1168 un
694 1135 833 1176 choix,

146 1191 202 1215 un
231 1181 380 1225 triagye.

202 1230 451 1271 Versentur,
475 1225 664 1264 continue
679 1227 719 1263 la
733 1239 836 1263 com-

144 1276 339 1322 paraison
376 1274 577 1311 ebauchee
626 1286 701 1321 par
733 1286 836 1320 pon-

146 1325 279 1366 dera;
318 1323 603 1358 reminiscence
624 1324 834 1367 d’Horace‚

146 1372 192 1405 A.
212 1370 349 1406 P.39:
391 1372 558 1406 versate
597 1372 688 1413 (Zia,
729 1373 834 1416 quid

144 1418 262 1463 ferre
284 1422 500 1457 recusent,
536 1418 639 1461 quid
662 1420 837 1453 valeant

146 1466 335 1501 humeri.
376 1487 421 1490 —
474 1468 666 1509 Occupet.
697 1466 759 1501 Cf.
800 1467 834 1510 1,

145 1511 184 1551 7.

192 1560 228 1596 6.
249 1560 495 1605 Repetenaa
516 1570 529 1593 .·
559 1558 592 1594 Il
619 1560 707 1595 faut
729 1571 835 1596 reve—

147 1608 211 1643 nir
232 1619 302 1643 sur
323 1618 364 1643 ce
387 1607 508 1653 qu’on
523 1607 636 1642 vient
651 1608 833 1653 d'ecrire3

146 1655 177 1690 il
198 1658 259 1691 est
281 1655 444 1690 evident
464 1665 540 1700 que
571 1656 834 1699 scriptorum

147 1705 208 1738 est
238 1713 290 1738 au
324 1705 478 1745 neutre,
515 1702 699 1749 employe
734 1703 835 1738 sub—

148 1753 271 1785 stant.
311 1760 415 1797 pour
449 1759 457 1785 :
500 1760 606 1794 quae
635 1752 833 1795 prooeime

148 1799 313 1842 scripta
334 1800 452 1833 sunt.

194 1847 378 1881 Praeter
394 1845 440 1879 id
462 1846 588 1890 qaod.
606 1845 651 1881 V.
675 1845 711 1889 1,
734 1845 780 1881 28
796 1847 835 1881 et

146 1891 187 1927 la
206 1895 313 1928 note.

195 1942 362 1976 Calor...
401 1939 608 1984 refrixit,
656 1941 834 1976 soutient

148 1988 511 2023 convenablement
525 1987 565 2022 la
577 1988 830 2035 metaphore3

146 2035 176 2070 11
208 2035 300 2070 n’en
332 2037 393 2070 est
423 2035 516 2081 plus
549 2035 596 2070 de
630 2038 759 2070 meme
786 2035 833 2070 de

146 2083 280 2117 sumit
303 2083 531 2126 impetum,
557 2083 620 2116 La
654 2083 834 2118 chaleur

147 2131 222 2174 qai
247 2131 392 2174 prend
426 2139 502 2165 son
543 2131 643 2164 e'lan
680 2132 740 2164 est
779 2130 833 2164 (lu

147 2176 392 2223 galimatias.

182 2226 374 2269 Repetite
387 2225 526 2268 spatio
536 2235 547 2258 :
557 2234 605 2259 en
618 2226 834 2271 reprenant

149 2271 200 2308 du
240 2272 399 2318 champ.
443 2271 611 2306 Ciceron
647 2271 831 2318 emploie„

147 2330 249 2365 pour
281 2322 423 2354 rendre
455 2329 533 2354 une
566 2319 652 2353 idee
669 2330 723 2354 un
753 2329 832 2365 peu

147 2366 354 2402 differente
371 2393 380 2410 ‚
424 2376 503 2401 une
551 2366 831 2412 comparaison

147 2414 244 2449 tiree
259 2414 306 2449 de
324 2414 363 2449 la
378 2414 629 2459 navigation‚
647 2415 697 2448 de
713 2415 829 2448 Orat.

147 2459 180 2503 Ι,
200 2460 260 2502 33,
279 2461 349 2496 153
368 2471 376 2496 ;
409 2462 455 2495 Ut
478 2461 689 2496 concitato
712 2462 832 2496 navi-

147 2509 238 2552 ι(μό,
276 2518 375 2544 cum
407 2510 591 2553 removes
628 2509 832 2543 inhibue-

147 2559 268 2599 rant,
291 2557 451 2591 retinet
476 2559 621 2590 tamen
648 2557 740 2599 ipsa
756 2566 830 2591 oza-

148 2603 212 2637 vis
236 2606 400 2638 motam
422 2606 461 2638 et
484 2612 661 2638 cursum
682 2613 827 2646 suum,

148 2651 396 2686 intermisso
426 2651 588 2694 impeta
608 2651 828 2695 pulsuque

148 2706 409 2740 remorum;
447 2698 509 2733 sic
548 2699 596 2738 in,
633 2698 828 2733 oratione

142 2747 370 2789 perpetua,
407 2755 505 2781 cum
537 2745 703 2788 scripta
723 2746 830 2792 defi-

897 1037 1034 1080 ciunt,
1064 1048 1221 1082 parem
1251 1042 1398 1076 tamen
1420 1041 1581 1076 obtinet

895 1086 1035 1120 oratio
1056 1087 1229 1131 reliqua
1250 1097 1427 1123 cursum
1448 1090 1580 1133 scrip-

898 1135 1040 1167 torum
1098 1134 1393 1172 similitudine
1452 1140 1493 1171 et
1537 1137 1579 1171 υἱ

896 1181 1129 1216 concitata.

943 1230 1104 1266 Quod...
1134 1230 1332 1266 videmus
1363 1233 1456 1266 ut...
1492 1231 1580 1267 Une

895 1276 1089 1311 tournure
1129 1277 1366 1322 semblable,
1419 1279 1454 1321 1,
1500 1279 1578 1315 58:

895 1325 1020 1367 quod.
1034 1352 1040 1359 .
1053 1350 1060 1356 .
1074 1324 1266 1367 facimus
1279 1329 1371 1360 at...
1384 1325 1441 1360 De
1450 1329 1579 1361 meme

894 1371 930 1412 ὃ,
952 1371 998 1405 18
1031 1373 1069 1405 et
1090 1372 1124 1413 7,
1147 1372 1205 1406 11.
1237 1372 1295 1407 La
1327 1374 1580 1419 proposition

896 1418 1060 1452 amenee
1073 1429 1145 1463 par
1161 1422 1209 1453 at
1224 1419 1444 1455 determine
1460 1421 1579 1456 d'une

896 1465 1011 1507 sagon
1027 1465 1198 1512 speciale
1214 1466 1251 1502 le
1266 1478 1332 1503 cas
1345 1468 1580 1515 particulier

896 1513 1045 1547 enonce
1097 1513 1199 1548 dans
1242 1514 1283 1550 la
1326 1516 1578 1561 proposition

895 1559 1076 1595 relative.

942 1608 1157 1651 Spaticc722‚
1179 1607 1220 1642 la
1241 1608 1409 1645 seconde
1430 1609 1507 1645 sois
1528 1619 1578 1645 ne

895 1654 1057 1700 designe
1089 1666 1162 1702 pas
1188 1655 1228 1690 la
1248 1658 1377 1691 meme
1397 1657 1578 1692 distance

895 1713 972 1748 que
1002 1704 1142 1747 spatio
1172 1703 1279 1738 deux
1316 1703 1446 1749 lignes
1484 1704 1577 1751 plus

894 1749 1009 1793 haut,
1047 1750 1152 1785 mais
1193 1750 1229 1786 le
1274 1751 1388 1796 point
1428 1754 1499 1798 qui
1536 1762 1577 1787 se

894 1799 1036 1833 trouve
1071 1798 1232 1833 au-dela
1264 1801 1311 1833 de
1338 1801 1399 1834 cet
1420 1810 1575 1846 espace,

893 1855 1048 1880 comme
1079 1845 1155 1880 but
1182 1847 1205 1880 a
1235 1846 1456 1882 atteindre:
1495 1857 1576 1892 quo

893 1894 1187 1928 contenditur.

938 1942 1210 1976 Jacutancto:
1264 1940 1486 1978 L'exercice
1523 1941 1578 1977 du

887 1987 1056 2033 javelot.
1090 2009 1134 2013 —
1164 1990 1353 2024 Nervos:
1388 1989 1427 2024 la
1461 1989 1576 2025 corde

894 2035 942 2070 de
962 2035 1070 2070 l’arc.
1092 2035 1153 2071 Cf.
1178 2037 1296 2072 VIRG.
1319 2038 1394 2071 En.
1411 2038 1457 2081 V,
1476 2037 1573 2072 500:

893 2083 1051 2117 validis
1071 2084 1205 2127 fieoeos
1217 2085 1457 2119 incurvant
1472 2085 1576 2118 viri-

893 2131 968 2165 bus
987 2139 1130 2165 arcas.
1154 2130 1265 2166 Cette
1280 2131 1514 2167 abondance
1527 2131 1575 2166 de

893 2178 1194 2224 comparaisons
1216 2189 1264 2213 ne
1286 2179 1438 2214 semble
1456 2179 1575 2225 gnere

893 2225 1028 2270 exigee
1047 2225 1090 2260 ni
1121 2235 1195 2271 par
1214 2225 1506 2272 l’importance‚
1532 2226 1576 2261 ni

891 2282 965 2318 par
984 2272 1024 2306 la
1043 2273 1289 2318 protondeur
1315 2273 1362 2309 de
1382 2274 1511 2309 l'idee.

938 2320 973 2354 7.
994 2321 1195 2363 Interim,
1214 2330 1318 2366 pour
1332 2322 1573 2363 interdum,

891 2366 1078 2413 frequent
1122 2368 1215 2402 chez
1257 2367 1394 2409 Quint.
1441 2372 1480 2404 et
1517 2368 1575 2403 les

890 2416 1123 2460 prosateurs
1144 2415 1198 2450 du
1219 2414 1271 2450 ΙθΓ
1293 2416 1423 2452 siecle.
1451 2415 1514 2451 Cf.
1537 2416 1573 2459 1,

889 2462 948 2496 44.

937 2510 982 2543 Si
1004 2509 1115 2554 feret
1133 2510 1269 2554 flatus
1285 2521 1298 2543 :
1338 2510 1492 2548 Quam&
1515 2510 1573 2544 les

890 2558 1574 2598 venesnousencratnemffiomme

888 2604 924 2646 1,
947 2604 1040 2639 11οῑ
1066 2604 1572 2646 transversamjmhcem

888 2652 1019 2695 ferre.
1054 2652 1115 2685 uf.
1147 2652 1253 2686 ΗΘΒ.
1287 2653 1358 2685 Oa.
1380 2650 1411 2693 Ι,
1434 2651 1469 2694 7,
1490 2651 1538 2685 25
1562 2660 1571 2687 ;

889 2699 974 2736 Quo
997 2708 1072 2734 nos
1094 2708 1275 2743 cumque
1296 2698 1403 2743 feret
1421 2699 1572 2733 melior

887 2746 1115 2790 fortana...
1132 2746 1303 2781 ibimus.
1327 2765 1372 2770 -—
1390 2746 1520 2783 Dum.
1535 2774 1544 2784 .
1557 2772 1572 2788 .
