1997 3231
964 113 1200 152 —llo—

440 219 543 258 tium
580 218 666 269 jam
706 218 813 256 diem
860 229 964 267 esse,
1019 216 1125 268 quod
1173 216 1281 254 omni
1330 215 1465 254 labore
1511 215 1701 254 materiae
1750 214 1800 253 ad

442 283 702 323 scribendum
734 283 957 321 destinatae
991 295 1071 321 non
1104 281 1302 320 inveniret
1335 281 1560 331 exordium,
1608 293 1687 331 quo
1723 280 1799 319 sibi

445 362 525 388 non
557 361 748 401 praesens
782 352 940 387 tantum
975 347 1103 397 dolor,
1133 346 1201 385 sed
1222 347 1342 385 etiam
1363 346 1587 397 desperatio
1610 345 1654 384 in
1673 349 1803 397 poste-

444 428 536 454 rum
574 415 701 452 fieret.
759 414 863 453 Tum
896 413 1040 452 Florus
1071 412 1269 460 arridens,
1311 412 1510 462 numquid
1542 416 1602 462 tu,
1654 411 1800 462 inquit,

445 481 589 520 melius
610 480 743 518 dicere
765 480 823 518 vis
843 492 966 530 quam
987 482 1098 529 potes
1111 478 1131 516 ⁶?
1167 478 1225 516 Ita
1249 490 1291 516 se
1314 490 1378 516 res
1401 477 1548 515 habet:
1572 477 1801 516 curandum

446 550 521 597 est,
555 550 600 585 ut
631 559 754 597 quam
787 545 936 596 optime
957 544 1155 593 dicamus,
1178 543 1395 581 dicendum
1417 546 1551 581 tamen
1573 555 1643 594 pro
1676 542 1799 581 facul-

447 616 526 651 tate
545 624 552 650 :
576 612 626 650 ad
649 611 872 662 profectum
894 609 1004 648 enim
1026 620 1126 659 opus
1147 612 1208 646 est
1229 609 1376 658 studio,
1406 621 1486 646 non
1509 607 1802 658 indignatione.

447 679 499 718 Ut
522 676 723 729 possimus
743 678 879 713 autem
900 673 1075 712 scribere
1097 673 1218 711 etiam
1238 673 1353 724 plura
1373 672 1559 722 celerius,
1583 685 1662 710 non
1683 684 1802 710 exer—

449 743 581 783 citatio
616 740 732 779 modo
767 739 1002 791 praestabit,
1024 739 1066 776 in
1087 750 1165 788 qua
1187 738 1273 776 sine
1296 738 1417 776 dubio
1439 738 1615 776 multum
1637 741 1713 787 est,
1736 736 1806 775 sed

447 810 569 849 etiam
599 807 699 846 ratio
721 818 729 844 :
763 806 796 844 si
830 818 910 843 non
933 803 1114 855 resupini
1136 807 1443 854 spectantesque
1465 807 1616 842 tectum
1642 807 1681 841 et
1701 802 1808 852 eogi-

450 874 642 914 tationem
663 883 876 910 murmure
890 870 1085 920 agitantes
1100 868 1462 919 expectaverimus,
1484 868 1581 918 quid
1603 867 1802 909 obveniat,

452 939 521 978 sed
555 937 653 989 quid
687 948 751 974 res
785 938 936 986 poscat,
970 933 1067 984 quid
1098 945 1312 984 personam
1335 933 1487 983 deceat,
1515 933 1620 983 quod
1639 933 1690 971 sit
1709 936 1812 970 tem-

452 1017 543 1057 pus,
578 1002 648 1053 qui
675 1000 826 1052 judicis
860 999 1023 1038 animus
1057 997 1208 1047 intuiti,
1232 998 1410 1036 humano
1428 998 1602 1049 quodam
1625 998 1741 1036 modo
1761 997 1810 1036 ad

454 1067 715 1108 scribendum
751 1064 1058 1104 accesserimus.
1110 1062 1175 1101 Sic
1207 1062 1322 1100 nobis
1355 1066 1394 1100 et
1426 1063 1537 1101 initia
1569 1066 1608 1101 et
1627 1075 1730 1114 quae
1758 1074 1816 1100 se-

376 1135 429 1175 16
455 1137 638 1186 quuntur
659 1135 803 1170 natura
824 1130 910 1181 ipsa
931 1128 1182 1180 praescribit.
1244 1128 1361 1166 Certa
1384 1131 1480 1166 sunt
1495 1128 1604 1166 enim
1626 1127 1816 1179 pleraque

458 1204 511 1251 et,
547 1197 625 1237 nisi
661 1196 934 1244 coniveamus,
968 1193 1010 1232 in
1043 1193 1178 1231 oculos
1199 1193 1416 1231 incurrunt
1434 1205 1442 1230 ε
1470 1193 1635 1244 ideoque
1655 1205 1729 1231 nec
1746 1192 1813 1230 in-

460 1264 565 1303 docti
587 1275 660 1302 nec
699 1260 841 1300 rustici
862 1260 931 1298 diu
952 1261 1168 1310 quaerunt,
1192 1258 1300 1296 unde
1321 1258 1513 1310 incipiant
1532 1271 1542 1307 ;
1565 1270 1643 1309 quo
1663 1257 1817 1309 puden-

435 1379 561 1415 Omni
576 1379 730 1413 labore.
745 1378 810 1411 En
823 1376 951 1420 depit,
973 1373 1078 1408 mal-

385 1429 459 1473 yre
483 1429 570 1462 tout
584 1436 657 1461 son
686 1422 846 1460 travail.
880 1420 997 1457 Ainsi
1017 1420 1079 1456 Ci-

389 1475 522 1515 ceron,
544 1475 594 1509 de
622 1474 692 1517 off.
716 1471 746 1512 Ι,
767 1471 803 1511 2,
822 1471 866 1506 5:
895 1469 993 1514 quis
1015 1470 1078 1503 est

389 1523 480 1568 qui,
504 1522 643 1556 nullis
670 1520 805 1566 officii
831 1516 1078 1562 praeceptis

393 1569 636 1610 tradendis,
682 1565 986 1611 philosophum
1035 1573 1078 1598 se

390 1618 553 1651 audeat
576 1617 733 1656 dicere,
755 1623 858 1660 pour
878 1623 890 1646 .·
924 1620 1082 1656 quam-

387 1665 454 1703 vis
476 1673 562 1699 non
583 1663 785 1697 tradat...
801 1681 847 1685 --
867 1658 1081 1694 Materiae

392 1716 453 1747 est
474 1722 526 1746 au
542 1710 648 1745 datis
663 1713 702 1745 et
716 1707 873 1755 depend
888 1706 936 1741 de
957 1706 1081 1741 ince-

390 1760 522 1796 niret.

441 1806 500 1842 15.
548 1804 675 1841 Ratio
713 1817 757 1834 =
795 1803 838 1837 Za
887 1800 1081 1835 mechode

394 1853 641 1889 raisonne'e.
664 1850 696 1885 Il
713 1860 762 1885 ne
784 1859 872 1884 sera
894 1858 967 1894 pas
988 1847 1083 1882 hors

395 1901 443 1936 de
463 1909 611 1947 propos
632 1898 679 1933 de
703 1895 887 1943 rappeler
911 1894 962 1929 ici
981 1894 1084 1929 Des-

396 1953 539 1987 cartes‚
579 1947 688 1980 Disc.
722 1946 771 1979 cle
795 1944 837 1978 Za
875 1942 1082 1981 methode,

398 1995 588 2031 Diverses
639 1989 960 2027 considerations
999 1990 1086 2023 tou-

397 2043 522 2079 chant
557 2040 615 2075 les
647 2039 822 2075 sciences
849 2048 857 2072 :
889 2038 938 2072 Ce
980 2038 1086 2071 n’est

390 2100 474 2136 pas
495 2098 614 2124 asset.
632 2086 797 2122 d’avoir
818 2085 979 2128 l'esprit
996 2084 1084 2126 bon,

400 2137 513 2172 mais
536 2137 572 2171 le
588 2134 814 2179 principat
832 2135 894 2167 est
917 2133 966 2167 de
990 2132 1087 2175 l'ap-

392 2186 571 2230 pliquer
601 2183 744 2217 bien...
780 2181 895 2215 Ceam
928 2178 1004 2227 qui
1036 2188 1087 2213 ne

400 2231 622 2267 marchent
645 2239 724 2274 que
745 2228 834 2273 fort
852 2228 1087 2262 tentement

394 2280 586 2324 peuvent
625 2285 815 2311 avancer
871 2275 1087 2317 beaucoup

402 2328 664 2368 damiatam,
687 2323 774 2358 s'ils
804 2322 979 2357 suivent
1002 2323 1089 2355 tou-

393 2376 522 2418 jours
546 2373 581 2406 le
603 2370 719 2406 droit
739 2369 925 2411 chemin,
945 2377 1090 2412 quene

402 2421 497 2467 font
519 2429 629 2455 ceua'
652 2418 727 2463 qui
748 2419 926 2452 courent
954 2418 993 2451 et
1015 2416 1091 2460 qui

401 2470 489 2505 s’en
508 2467 740 2510 etoigynerit.

450 2513 674 2558 Resupini.
716 2510 851 2553 Quint.
883 2510 1017 2556 repete
1051 2519 1094 2544 ce

404 2561 502 2610 qu'il
543 2559 655 2596 avait.
685 2559 775 2605 deja
813 2558 871 2592 dit
924 2567 1094 2605 presque

405 2612 508 2645 dans
529 2608 586 2643 les
609 2609 760 2642 memes
781 2607 942 2647 termes,
966 2605 1018 2647 ΙΙ,
1036 2605 1094 2643 11,

407 2657 498 2692 4:...
529 2657 582 2691 In
613 2654 841 2699 coyitando
872 2653 1000 2686 nulla
1029 2661 1097 2686 ra-

408 2705 522 2739 tione
573 2702 772 2737 adhibita
810 2702 889 2735 auc
939 2701 1094 2733 tectum

408 2752 628 2787 intuentes
663 2756 873 2793 maynum
909 2746 1092 2790 aliquid,

408 2797 522 2843 quod
545 2796 661 2831 ultro
692 2804 734 2831 se
757 2795 926 2838 offerat,
953 2792 1094 2837 pluri-

1133 1373 1252 1407 ribas
1264 1382 1389 1416 saepe
1409 1372 1558 1407 diebus
1574 1372 1818 1416 expectant,

1134 1422 1213 1454 aut
1249 1430 1477 1454 murmure
1506 1421 1671 1455 incerto
1702 1420 1821 1454 velut

1134 1468 1312 1502 classico
1337 1468 1536 1502 instincti
1560 1469 1633 1502 etc.

1189 1516 1382 1558 Tempus.
1422 1514 1500 1549 Les
1527 1515 1822 1549 circonstances

1139 1561 1186 1597 de
1199 1562 1238 1596 la
1250 1572 1382 1597 cause.
1403 1561 1465 1597 Cf.
1483 1562 1597 1602 XM,
1613 1562 1680 1596 46:
1711 1563 1823 1596 Tem-

1132 1620 1263 1654 pas...
1286 1620 1336 1644 ac
1360 1610 1473 1645 locus
1493 1612 1615 1654 egsent
1634 1610 1824 1644 observa-

1141 1659 1256 1692 tione
1283 1657 1494 1701 propria:
1520 1667 1624 1692 nam
1661 1659 1701 1691 et
1724 1659 1825 1691 tem-

1132 1715 1218 1749 pus
1241 1707 1334 1739 tam
1363 1706 1486 1739 triste
1523 1707 1615 1739 tum
1647 1705 1823 1745 laetum,

1141 1756 1233 1786 tam
1257 1753 1440 1786 liberum
1468 1755 1560 1786 tam
1585 1753 1825 1796 anyustum

1137 1804 1214 1834 est.
1252 1801 1387 1843 Atque
1436 1800 1493 1834 ad
1534 1799 1637 1834 haec
1676 1798 1826 1833 omnia

1138 1847 1455 1890 componendas
1476 1849 1636 1881 orator.

1186 1894 1363 1928 Intuiti.
1390 1893 1424 1928 ΙΙ
1445 1894 1534 1928 saut
1564 1892 1787 1928 ratttacher
1805 1892 1827 1927 a

1141 1952 1183 1976 ce
1211 1941 1404 1987 participe
1428 1950 1435 1975 :
1453 1942 1559 1985 quid
1578 1951 1646 1976 res
1662 1942 1826 1984 poscat,

1142 1992 1181 2023 et
1200 1988 1240 2022 la
1261 1988 1364 2023 suite
1383 1998 1390 2023 :
1406 1988 1523 2034 apres
1554 1988 1667 2023 avoir
1690 1986 1829 2022 consi-

1142 2035 1829 2079 dere.—-Hmnanoetc.,determine

1142 2084 1462 2119 accesserimus
1486 2082 1518 2118 Il
1536 2082 1730 2129 impiique
1756 2091 1830 2129 par

1143 2130 1373 2177 opposition
1409 2130 1524 2165 l’ide'e
1555 2129 1602 2165 de
1631 2129 1830 2176 l’inspira-

1144 2178 1230 2213 tion
1251 2178 1400 2219 divine,
1436 2188 1505 2212 sur
1526 2176 1701 2223 laquelle
1721 2187 1831 2212 sem-

1142 2225 1208 2260 ble
1229 2224 1453 2271 compterle
1473 2234 1722 2271 personnage
1734 2223 1833 2259 dont

1144 2272 1171 2308 il
1188 2284 1211 2307 a
1225 2272 1292 2308 ete
1308 2272 1496 2318 question
1518 2274 1606 2306 tout
1624 2271 1647 2306 a
1663 2271 1829 2306 l'heure.

1146 2321 1258 2355 Dans
1294 2319 1330 2354 le
1351 2329 1521 2366 passage
1542 2320 1596 2354 du
1629 2318 1684 2353 He
1716 2318 1830 2358 livre,

1117 2408 1121 2409 ⁷
1146 2367 1284 2410 Quint.
1307 2366 1417 2401 avait
1437 2366 1621 2413 employe
1647 2365 1834 2419 l’expres-

1147 2415 1235 2450 sion
1257 2414 1305 2449 de
1324 2413 1634 2449 instinctiavec
1652 2412 1722 2448 des
1748 2423 1834 2459 pre-

1149 2461 1409 2508 occupations
1446 2460 1680 2506 analogues.
1720 2460 1836 2495 Donc

1150 2510 1342 2544 humano
1365 2509 1484 2543 modo
1499 2507 1654 2553 signifie
1673 2517 1680 2542 :
1707 2517 1756 2543 en
1786 2517 1836 2542 ne

1151 2558 1359 2603 comptant
1402 2565 1478 2601 qne
1528 2565 1597 2589 sur
1648 2553 1706 2589 les
1758 2563 1836 2589 res-

1153 2614 1314 2638 sources
1342 2601 1572 2637 hnmaines.
1604 2601 1665 2636 Cf.
1700 2602 1735 2645 7,
1758 2601 1833 2636 14:

1152 2654 1287 2686 Deum
1308 2653 1411 2685 tunc
1429 2650 1625 2692 affuisse,
1647 2650 1722 2684 etc.

1196 2698 1255 2733 16.
1279 2698 1507 2741 Pleraque.
1526 2695 1604 2731 Les
1643 2695 1838 2730 elements

1149 2743 1269 2780 d’une
1291 2753 1409 2779 cause
1431 2753 1480 2779 en
1504 2741 1681 2788 general,
1698 2745 1736 2778 et
1755 2752 1838 2778 non

1149 2800 1223 2838 pas
1285 2789 1510 2827 seulement
1532 2799 1540 2825 2
1579 2789 1715 2826 initia
1768 2788 1838 2836 qui
