<?xml version="1.0" encoding="UTF-8"?>
<!DOCTYPE html PUBLIC "-//W3C//DTD XHTML 1.0 Transitional//EN"
    "http://www.w3.org/TR/xhtml1/DTD/xhtml1-transitional.dtd">
<html xmlns="http://www.w3.org/1999/xhtml" xml:lang="en" lang="en">
 <head>
  <title>
</title>
<meta http-equiv="Content-Type" content="text/html;charset=utf-8" />
  <meta name='ocr-system' content='tesseract 3.04.00' />
  <meta name='ocr-capabilities' content='ocr_page ocr_carea ocr_par ocr_line ocrx_word'/>
</head>
<body>
  <div class='ocr_page' id='page_1' title='image "./institutionisor00quinuoft_0185.png"; bbox 0 0 1997 3231; ppageno 0'>
   <div class='ocr_carea' id='block_1_1' title="bbox 174 270 1535 1171">
    <p class='ocr_par' dir='ltr' id='par_1_1' title="bbox 174 270 1535 1171">
     <span class='ocr_line' id='line_1_1' title="bbox 191 270 1535 321; baseline 0.001 -14"><span class='ocrx_word' id='word_1_1' title='bbox 191 271 301 308; x_wconf 78' lang='lat' dir='ltr'>navis</span> <span class='ocrx_word' id='word_1_2' title='bbox 322 271 509 309; x_wconf 77' lang='lat' dir='ltr'>accedere</span> <span class='ocrx_word' id='word_1_3' title='bbox 526 271 602 308; x_wconf 89' lang='lat' dir='ltr'>nisi</span> <span class='ocrx_word' id='word_1_4' title='bbox 624 270 782 308; x_wconf 83' lang='lat' dir='ltr'>lenibus</span> <span class='ocrx_word' id='word_1_5' title='bbox 797 270 925 308; x_wconf 85' lang='lat' dir='ltr'>ventis</span> <span class='ocrx_word' id='word_1_6' title='bbox 941 273 1051 309; x_wconf 77' lang='lat' dir='ltr'>vecta</span> <span class='ocrx_word' id='word_1_7' title='bbox 1070 284 1149 308; x_wconf 91' lang='lat' dir='ltr'>non</span> <span class='ocrx_word' id='word_1_8' title='bbox 1168 271 1312 321; x_wconf 82' lang='lat' dir='ltr'><strong>possit:</strong></span> <span class='ocrx_word' id='word_1_9' title='bbox 1336 271 1535 321; x_wconf 79' lang='lat' dir='ltr'>siquidem</span> 
     </span>
     <span class='ocr_line' id='line_1_2' title="bbox 189 335 1535 387; baseline 0.002 -14"><span class='ocrx_word' id='word_1_10' title='bbox 189 335 503 374; x_wconf 81' lang='lat' dir='ltr'>innumerabiles</span> <span class='ocrx_word' id='word_1_11' title='bbox 536 336 723 375; x_wconf 88' lang='lat' dir='ltr'>accidunt</span> <span class='ocrx_word' id='word_1_12' title='bbox 755 335 909 374; x_wconf 78' lang='lat' dir='ltr'>subitae</span> <span class='ocrx_word' id='word_1_13' title='bbox 942 336 1199 374; x_wconf 71' lang='lat' dir='ltr'>necessitates</span> <span class='ocrx_word' id='word_1_14' title='bbox 1227 336 1288 374; x_wconf 75' lang='lat' dir='ltr'>vel</span> <span class='ocrx_word' id='word_1_15' title='bbox 1316 337 1422 387; x_wconf 87' lang='lat' dir='ltr'>apud</span> <span class='ocrx_word' id='word_1_16' title='bbox 1451 350 1535 376; x_wconf 82' lang='lat' dir='ltr'>ma-</span> 
     </span>
     <span class='ocr_line' id='line_1_3' title="bbox 187 400 1534 452; baseline 0.001 -13"><span class='ocrx_word' id='word_1_17' title='bbox 187 402 377 451; x_wconf 84' lang='lat' dir='ltr'>gistratus</span> <span class='ocrx_word' id='word_1_18' title='bbox 398 402 458 440; x_wconf 76' lang='lat' dir='ltr'>vel</span> <span class='ocrx_word' id='word_1_19' title='bbox 478 401 784 452; x_wconf 86' lang='lat' dir='ltr'>repraesentatis</span> <span class='ocrx_word' id='word_1_20' title='bbox 800 400 964 451; x_wconf 85' lang='lat' dir='ltr'>judiciis</span> <span class='ocrx_word' id='word_1_21' title='bbox 991 401 1179 438; x_wconf 88' lang='lat' dir='ltr'>continuo</span> <span class='ocrx_word' id='word_1_22' title='bbox 1210 401 1369 451; x_wconf 80' lang='lat' dir='ltr'>agendi.</span> <span class='ocrx_word' id='word_1_23' title='bbox 1429 402 1534 448; x_wconf 81' lang='lat' dir='ltr'>Qua-</span> 
     </span>
     <span class='ocr_line' id='line_1_4' title="bbox 187 466 1533 518; baseline 0.001 -13"><span class='ocrx_word' id='word_1_24' title='bbox 187 480 278 506; x_wconf 90' lang='lat' dir='ltr'>rum</span> <span class='ocrx_word' id='word_1_25' title='bbox 301 468 331 506; x_wconf 88' lang='lat' dir='ltr'>si</span> <span class='ocrx_word' id='word_1_26' title='bbox 359 480 452 518; x_wconf 85' lang='lat' dir='ltr'>qua,</span> <span class='ocrx_word' id='word_1_27' title='bbox 485 480 565 506; x_wconf 89' lang='lat' dir='ltr'>non</span> <span class='ocrx_word' id='word_1_28' title='bbox 596 467 683 505; x_wconf 87' lang='lat' dir='ltr'>dico</span> <span class='ocrx_word' id='word_1_29' title='bbox 719 466 960 517; x_wconf 90' lang='lat' dir='ltr'>cuicumque</span> <span class='ocrx_word' id='word_1_30' title='bbox 980 466 1255 504; x_wconf 85' lang='lat' dir='ltr'>innocentium</span> <span class='ocrx_word' id='word_1_31' title='bbox 1276 467 1440 517; x_wconf 86' lang='lat' dir='ltr'>civium,</span> <span class='ocrx_word' id='word_1_32' title='bbox 1464 467 1533 506; x_wconf 85' lang='lat' dir='ltr'>sed</span> 
     </span>
     <span class='ocr_line' id='line_1_5' title="bbox 185 531 1530 584; baseline 0 -13"><span class='ocrx_word' id='word_1_33' title='bbox 185 533 408 572; x_wconf 85' lang='lat' dir='ltr'>amicorum</span> <span class='ocrx_word' id='word_1_34' title='bbox 427 546 473 572; x_wconf 91' lang='lat' dir='ltr'>ac</span> <span class='ocrx_word' id='word_1_35' title='bbox 493 533 810 584; x_wconf 87' lang='lat' dir='ltr'>propinquorum</span> <span class='ocrx_word' id='word_1_36' title='bbox 830 531 949 570; x_wconf 90' lang='lat' dir='ltr'>alicui</span> <span class='ocrx_word' id='word_1_37' title='bbox 970 531 1160 582; x_wconf 84' lang='lat' dir='ltr'>evenerit,</span> <span class='ocrx_word' id='word_1_38' title='bbox 1199 532 1372 571; x_wconf 82' lang='lat' dir='ltr'>stabitne</span> <span class='ocrx_word' id='word_1_39' title='bbox 1393 536 1530 571; x_wconf 87' lang='lat' dir='ltr'>mutus</span> 
     </span>
     <span class='ocr_line' id='line_1_6' title="bbox 185 598 1532 651; baseline 0 -13"><span class='ocrx_word' id='word_1_40' title='bbox 185 604 225 638; x_wconf 93' lang='lat' dir='ltr'>et</span> <span class='ocrx_word' id='word_1_41' title='bbox 256 600 472 639; x_wconf 85' lang='lat' dir='ltr'>salutarem</span> <span class='ocrx_word' id='word_1_42' title='bbox 505 599 733 651; x_wconf 87' lang='lat' dir='ltr'>petentibus</span> <span class='ocrx_word' id='word_1_43' title='bbox 754 611 890 637; x_wconf 87' lang='lat' dir='ltr'>vocem</span> <span class='ocrx_word' id='word_1_44' title='bbox 912 598 1143 649; x_wconf 82' lang='lat' dir='ltr'>statimque,</span> <span class='ocrx_word' id='word_1_45' title='bbox 1167 599 1199 637; x_wconf 93' lang='lat' dir='ltr'>si</span> <span class='ocrx_word' id='word_1_46' title='bbox 1222 611 1301 637; x_wconf 92' lang='lat' dir='ltr'>non</span> <span class='ocrx_word' id='word_1_47' title='bbox 1323 612 1532 638; x_wconf 80' lang='lat' dir='ltr'>succurra-</span> 
     </span>
     <span class='ocr_line' id='line_1_7' title="bbox 185 664 1531 716; baseline -0.001 -13"><span class='ocrx_word' id='word_1_48' title='bbox 185 668 266 715; x_wconf 85' lang='lat' dir='ltr'>tur,</span> <span class='ocrx_word' id='word_1_49' title='bbox 289 665 477 716; x_wconf 87' lang='lat' dir='ltr'>perituris</span> <span class='ocrx_word' id='word_1_50' title='bbox 498 677 629 703; x_wconf 86' lang='lat' dir='ltr'>moras</span> <span class='ocrx_word' id='word_1_51' title='bbox 650 668 687 703; x_wconf 90' lang='lat' dir='ltr'>et</span> <span class='ocrx_word' id='word_1_52' title='bbox 709 676 913 702; x_wconf 89' lang='lat' dir='ltr'>secessum</span> <span class='ocrx_word' id='word_1_53' title='bbox 945 667 984 702; x_wconf 91' lang='lat' dir='ltr'>et</span> <span class='ocrx_word' id='word_1_54' title='bbox 1004 664 1210 702; x_wconf 90' lang='lat' dir='ltr'>silentium</span> <span class='ocrx_word' id='word_1_55' title='bbox 1229 669 1410 715; x_wconf 79' lang='lat' dir='ltr'>quaeret,</span> <span class='ocrx_word' id='word_1_56' title='bbox 1433 665 1531 702; x_wconf 92' lang='lat' dir='ltr'>dum</span> 
     </span>
     <span class='ocr_line' id='line_1_8' title="bbox 183 729 1531 770; baseline 0.001 -3"><span class='ocrx_word' id='word_1_57' title='bbox 183 730 245 770; x_wconf 82' lang='lat' dir='ltr'>illa</span> <span class='ocrx_word' id='word_1_58' title='bbox 283 730 402 770; x_wconf 86' lang='lat' dir='ltr'>verba</span> <span class='ocrx_word' id='word_1_59' title='bbox 445 730 692 769; x_wconf 80' lang='lat' dir='ltr'>fabricentur</span> <span class='ocrx_word' id='word_1_60' title='bbox 711 733 749 768; x_wconf 90' lang='lat' dir='ltr'>et</span> <span class='ocrx_word' id='word_1_61' title='bbox 777 729 993 767; x_wconf 79' lang='lat' dir='ltr'>memoriae</span> <span class='ocrx_word' id='word_1_62' title='bbox 1014 729 1191 768; x_wconf 83' lang='lat' dir='ltr'>insidant</span> <span class='ocrx_word' id='word_1_63' title='bbox 1210 734 1247 768; x_wconf 91' lang='lat' dir='ltr'>et</span> <span class='ocrx_word' id='word_1_64' title='bbox 1267 743 1341 768; x_wconf 78' lang='lat' dir='ltr'>vox</span> <span class='ocrx_word' id='word_1_65' title='bbox 1360 743 1405 768; x_wconf 89' lang='lat' dir='ltr'>ac</span> <span class='ocrx_word' id='word_1_66' title='bbox 1426 729 1531 768; x_wconf 89' lang='lat' dir='ltr'>latus</span> 
     </span>
     <span class='ocr_line' id='line_1_9' title="bbox 185 793 1529 847; baseline -0.002 -13"><span class='ocrx_word' id='word_1_67' title='bbox 185 794 477 847; x_wconf 75' lang='lat' dir='ltr'>praeparetur?</span> <span class='ocrx_word' id='word_1_68' title='bbox 517 794 628 841; x_wconf 87' lang='lat' dir='ltr'>Quae</span> <span class='ocrx_word' id='word_1_69' title='bbox 664 806 756 832; x_wconf 83' lang='lat' dir='ltr'>vero</span> <span class='ocrx_word' id='word_1_70' title='bbox 794 793 944 845; x_wconf 87' lang='lat' dir='ltr'>patitur</span> <span class='ocrx_word' id='word_1_71' title='bbox 975 793 1051 832; x_wconf 89' lang='lat' dir='ltr'>hoc</span> <span class='ocrx_word' id='word_1_72' title='bbox 1084 794 1200 843; x_wconf 81' lang='lat' dir='ltr'>ratio,</span> <span class='ocrx_word' id='word_1_73' title='bbox 1234 798 1280 833; x_wconf 88' lang='lat' dir='ltr'>ut</span> <span class='ocrx_word' id='word_1_74' title='bbox 1313 794 1529 846; x_wconf 88' lang='lat' dir='ltr'>quisquam</span> 
     </span>
     <span class='ocr_line' id='line_1_10' title="bbox 182 857 1526 912; baseline -0.001 -13"><span class='ocrx_word' id='word_1_75' title='bbox 182 861 306 912; x_wconf 87' lang='lat' dir='ltr'>possit</span> <span class='ocrx_word' id='word_1_76' title='bbox 325 864 456 899; x_wconf 88' lang='lat' dir='ltr'>orator</span> <span class='ocrx_word' id='word_1_77' title='bbox 471 859 685 910; x_wconf 84' lang='lat' dir='ltr'>aliquando</span> <span class='ocrx_word' id='word_1_78' title='bbox 705 859 887 897; x_wconf 89' lang='lat' dir='ltr'>omittere</span> <span class='ocrx_word' id='word_1_79' title='bbox 918 857 1068 897; x_wconf 72' lang='lat' dir='ltr'>casus?</span> <span class='ocrx_word' id='word_1_80' title='bbox 1107 859 1227 909; x_wconf 82' lang='lat' dir='ltr'>Quid,</span> <span class='ocrx_word' id='word_1_81' title='bbox 1261 873 1354 899; x_wconf 90' lang='lat' dir='ltr'>cum</span> <span class='ocrx_word' id='word_1_82' title='bbox 1387 859 1526 898; x_wconf 82' lang='lat' dir='ltr'>adver-</span> 
     </span>
     <span class='ocr_line' id='line_1_11' title="bbox 181 923 1526 977; baseline -0.001 -13"><span class='ocrx_word' id='word_1_83' title='bbox 181 926 284 965; x_wconf 89' lang='lat' dir='ltr'>sario</span> <span class='ocrx_word' id='word_1_84' title='bbox 305 925 628 977; x_wconf 89' lang='lat' dir='ltr'>respondendum</span> <span class='ocrx_word' id='word_1_85' title='bbox 649 924 738 974; x_wconf 88' lang='lat' dir='ltr'>erit,</span> <span class='ocrx_word' id='word_1_86' title='bbox 762 924 830 962; x_wconf 87' lang='lat' dir='ltr'>fiet</span> <span class='ocrx_word' id='word_1_87' title='bbox 848 923 868 962; x_wconf 67' lang='grc' dir='ltr'>ἱ)</span> <span class='ocrx_word' id='word_1_88' title='bbox 907 924 1011 963; x_wconf 76' lang='lat' dir='ltr'>Nam</span> <span class='ocrx_word' id='word_1_89' title='bbox 1032 937 1149 976; x_wconf 87' lang='lat' dir='ltr'>saepe</span> <span class='ocrx_word' id='word_1_90' title='bbox 1169 937 1230 975; x_wconf 85' lang='lat' dir='ltr'>ea,</span> <span class='ocrx_word' id='word_1_91' title='bbox 1253 937 1356 976; x_wconf 86' lang='lat' dir='ltr'>quae</span> <span class='ocrx_word' id='word_1_92' title='bbox 1376 924 1526 976; x_wconf 90' lang='lat' dir='ltr'>opinati</span> 
     </span>
     <span class='ocr_line' id='line_1_12' title="bbox 180 987 1528 1040; baseline -0.001 -13"><span class='ocrx_word' id='word_1_93' title='bbox 180 1001 322 1028; x_wconf 89' lang='lat' dir='ltr'>sumus</span> <span class='ocrx_word' id='word_1_94' title='bbox 354 993 394 1028; x_wconf 90' lang='lat' dir='ltr'>et</span> <span class='ocrx_word' id='word_1_95' title='bbox 425 993 562 1028; x_wconf 83' lang='lat' dir='ltr'>contra</span> <span class='ocrx_word' id='word_1_96' title='bbox 595 1001 697 1040; x_wconf 87' lang='lat' dir='ltr'>quae</span> <span class='ocrx_word' id='word_1_97' title='bbox 729 987 981 1039; x_wconf 87' lang='lat' dir='ltr'>scripsimus,</span> <span class='ocrx_word' id='word_1_98' title='bbox 1016 988 1173 1038; x_wconf 88' lang='lat' dir='ltr'>fallunt,</span> <span class='ocrx_word' id='word_1_99' title='bbox 1208 1001 1254 1027; x_wconf 91' lang='lat' dir='ltr'>ac</span> <span class='ocrx_word' id='word_1_100' title='bbox 1286 992 1367 1028; x_wconf 89' lang='lat' dir='ltr'>tota</span> <span class='ocrx_word' id='word_1_101' title='bbox 1397 988 1528 1027; x_wconf 88' lang='lat' dir='ltr'>subito</span> 
     </span>
     <span class='ocr_line' id='line_1_13' title="bbox 174 1053 1524 1105; baseline -0.001 -12"><span class='ocrx_word' id='word_1_102' title='bbox 174 1067 295 1094; x_wconf 83' lang='lat' dir='ltr'>causa</span> <span class='ocrx_word' id='word_1_103' title='bbox 314 1059 509 1105; x_wconf 89' lang='lat' dir='ltr'>mutatur,</span> <span class='ocrx_word' id='word_1_104' title='bbox 542 1059 662 1105; x_wconf 87' lang='lat' dir='ltr'>atque</span> <span class='ocrx_word' id='word_1_105' title='bbox 690 1057 734 1092; x_wconf 91' lang='lat' dir='ltr'>ut</span> <span class='ocrx_word' id='word_1_106' title='bbox 753 1053 1010 1103; x_wconf 81' lang='lat' dir='ltr'>gubernatori</span> <span class='ocrx_word' id='word_1_107' title='bbox 1027 1054 1076 1093; x_wconf 92' lang='lat' dir='ltr'>ad</span> <span class='ocrx_word' id='word_1_108' title='bbox 1096 1054 1285 1093; x_wconf 88' lang='lat' dir='ltr'>incursus</span> <span class='ocrx_word' id='word_1_109' title='bbox 1307 1057 1524 1105; x_wconf 86' lang='lat' dir='ltr'>tempesta·</span> 
     </span>
     <span class='ocr_line' id='line_1_14' title="bbox 177 1120 1520 1171; baseline 0 -12"><span class='ocrx_word' id='word_1_110' title='bbox 177 1124 279 1171; x_wconf 83' lang='lat' dir='ltr'>turn,</span> <span class='ocrx_word' id='word_1_111' title='bbox 317 1121 374 1160; x_wconf 92' lang='lat' dir='ltr'>sic</span> <span class='ocrx_word' id='word_1_112' title='bbox 394 1120 527 1171; x_wconf 81' lang='lat' dir='ltr'>agenti</span> <span class='ocrx_word' id='word_1_113' title='bbox 547 1120 596 1159; x_wconf 88' lang='lat' dir='ltr'>ad</span> <span class='ocrx_word' id='word_1_114' title='bbox 617 1120 849 1159; x_wconf 87' lang='lat' dir='ltr'>varietatem</span> <span class='ocrx_word' id='word_1_115' title='bbox 870 1131 1089 1159; x_wconf 83' lang='lat' dir='ltr'>causarum</span> <span class='ocrx_word' id='word_1_116' title='bbox 1110 1120 1211 1159; x_wconf 83' lang='lat' dir='ltr'>ratio</span> <span class='ocrx_word' id='word_1_117' title='bbox 1231 1120 1425 1159; x_wconf 83' lang='lat' dir='ltr'>mutanda</span> <span class='ocrx_word' id='word_1_118' title='bbox 1445 1123 1520 1158; x_wconf 89' lang='lat' dir='ltr'>est.</span> 
     </span>
    </p>
   </div>
   <div class='ocr_carea' id='block_1_2' title="bbox 222 1233 1141 1279">
    <p class='ocr_par' dir='ltr' id='par_1_2' title="bbox 222 1233 1141 1279">
     <span class='ocr_line' id='line_1_15' title="bbox 222 1233 1141 1279; baseline -0.001 -10"><span class='ocrx_word' id='word_1_119' title='bbox 222 1234 258 1270; x_wconf 70' lang='lat'>2.</span> <span class='ocrx_word' id='word_1_120' title='bbox 297 1236 418 1279; x_wconf 75' lang='lat' dir='ltr'>Apud</span> <span class='ocrx_word' id='word_1_121' title='bbox 461 1235 763 1279; x_wconf 59' lang='lat' dir='ltr'>magistratus.</span> <span class='ocrx_word' id='word_1_122' title='bbox 804 1233 860 1268; x_wconf 91' lang='lat' dir='ltr'>En</span> <span class='ocrx_word' id='word_1_123' title='bbox 925 1234 1000 1268; x_wconf 82' lang='lat' dir='ltr'>sed</span> <span class='ocrx_word' id='word_1_124' title='bbox 1032 1242 1141 1273; x_wconf 78' lang='lat' dir='ltr'>voce,</span> 
     </span>
    </p>
   </div>
   <div class='ocr_carea' id='block_1_3' title="bbox 1591 337 1617 374">
    <p class='ocr_par' dir='ltr' id='par_1_3' title="bbox 1591 337 1617 374">
     <span class='ocr_line' id='line_1_16' title="bbox 1591 337 1617 374; baseline 0 0"><span class='ocrx_word' id='word_1_125' title='bbox 1591 337 1617 374; x_wconf 78' lang='lat'><strong>2</strong></span> 
     </span>
    </p>
   </div>
   <div class='ocr_carea' id='block_1_4' title="bbox 1194 1231 1606 1278">
    <p class='ocr_par' dir='ltr' id='par_1_4' title="bbox 1194 1231 1606 1278">
     <span class='ocr_line' id='line_1_17' title="bbox 1194 1231 1606 1278; baseline 0 -11"><span class='ocrx_word' id='word_1_126' title='bbox 1194 1233 1343 1276; x_wconf 78' lang='lat' dir='ltr'>latere,</span> <span class='ocrx_word' id='word_1_127' title='bbox 1380 1231 1606 1278; x_wconf 83' lang='lat' dir='ltr'>firmitate.</span> 
     </span>
    </p>
   </div>
   <div class='ocr_carea' id='block_1_5' title="bbox 160 1281 861 2786">
    <p class='ocr_par' dir='ltr' id='par_1_5' title="bbox 160 1281 861 2786">
     <span class='ocr_line' id='line_1_18' title="bbox 176 1281 861 1329; baseline 0 -11"><span class='ocrx_word' id='word_1_128' title='bbox 176 1285 293 1318; x_wconf 87' lang='lat' dir='ltr'>vertu</span> <span class='ocrx_word' id='word_1_129' title='bbox 344 1283 392 1318; x_wconf 88' lang='lat' dir='ltr'>de</span> <span class='ocrx_word' id='word_1_130' title='bbox 424 1282 597 1329; x_wconf 86' lang='lat' dir='ltr'>quelque</span> <span class='ocrx_word' id='word_1_131' title='bbox 643 1281 861 1329; x_wconf 84' lang='lat' dir='ltr'>procedure</span> 
     </span>
     <span class='ocr_line' id='line_1_19' title="bbox 176 1329 860 1375; baseline 0.001 -10"><span class='ocrx_word' id='word_1_132' title='bbox 176 1330 508 1370; x_wconf 64' lang='lat' dir='ltr'>extraordinaste,</span> <span class='ocrx_word' id='word_1_133' title='bbox 533 1331 571 1365; x_wconf 83' lang='lat' dir='ltr'>et</span> <span class='ocrx_word' id='word_1_134' title='bbox 604 1341 698 1366; x_wconf 85' lang='lat' dir='ltr'>sans</span> <span class='ocrx_word' id='word_1_135' title='bbox 726 1340 802 1375; x_wconf 89' lang='lat' dir='ltr'>que</span> <span class='ocrx_word' id='word_1_136' title='bbox 824 1329 860 1366; x_wconf 82' lang='lat' dir='ltr'>le</span> 
     </span>
     <span class='ocr_line' id='line_1_20' title="bbox 171 1376 810 1424; baseline -0.002 -11"><span class='ocrx_word' id='word_1_137' title='bbox 171 1376 264 1423; x_wconf 85' lang='lat' dir='ltr'>jour</span> <span class='ocrx_word' id='word_1_138' title='bbox 285 1378 341 1413; x_wconf 82' lang='lat' dir='ltr'>ait</span> <span class='ocrx_word' id='word_1_139' title='bbox 361 1379 422 1413; x_wconf 88' lang='lat' dir='ltr'>ete</span> <span class='ocrx_word' id='word_1_140' title='bbox 443 1378 519 1413; x_wconf 83' lang='lat' dir='ltr'>fixe&#39;</span> <span class='ocrx_word' id='word_1_141' title='bbox 547 1388 628 1413; x_wconf 78' lang='lat' dir='ltr'>aux</span> <span class='ocrx_word' id='word_1_142' title='bbox 648 1378 810 1424; x_wconf 84' lang='lat' dir='ltr'>parties.</span> 
     </span>
     <span class='ocr_line' id='line_1_21' title="bbox 221 1426 860 1469; baseline -0.005 -8"><span class='ocrx_word' id='word_1_143' title='bbox 221 1426 576 1469; x_wconf 75' lang='lat' dir='ltr'>Repraesentatis</span> <span class='ocrx_word' id='word_1_144' title='bbox 596 1442 636 1454; x_wconf 87' lang='lat'>=</span> <span class='ocrx_word' id='word_1_145' title='bbox 670 1428 860 1460; x_wconf 80' lang='lat' dir='ltr'>matura-</span> 
     </span>
     <span class='ocr_line' id='line_1_22' title="bbox 177 1471 859 1518; baseline 0 -12"><span class='ocrx_word' id='word_1_146' title='bbox 177 1472 229 1508; x_wconf 83' lang='lat' dir='ltr'>tis</span> <span class='ocrx_word' id='word_1_147' title='bbox 251 1476 353 1508; x_wconf 78' lang='lat' dir='ltr'>ante</span> <span class='ocrx_word' id='word_1_148' title='bbox 377 1474 508 1514; x_wconf 74' lang='lat' dir='ltr'>diem,</span> <span class='ocrx_word' id='word_1_149' title='bbox 544 1471 755 1518; x_wconf 77' lang='lat' dir='ltr'>anticipes.</span> <span class='ocrx_word' id='word_1_150' title='bbox 778 1474 859 1508; x_wconf 82' lang='lat' dir='ltr'>Re—</span> 
     </span>
     <span class='ocr_line' id='line_1_23' title="bbox 173 1519 859 1563; baseline -0.001 -8"><span class='ocrx_word' id='word_1_151' title='bbox 173 1523 453 1563; x_wconf 78' lang='lat' dir='ltr'>praesentare</span> <span class='ocrx_word' id='word_1_152' title='bbox 479 1520 732 1563; x_wconf 73' lang='lat' dir='ltr'>pecuniam,</span> <span class='ocrx_word' id='word_1_153' title='bbox 765 1519 859 1554; x_wconf 82' lang='lat' dir='ltr'>c&#39;est</span> 
     </span>
     <span class='ocr_line' id='line_1_24' title="bbox 174 1566 859 1613; baseline -0.003 -10"><span class='ocrx_word' id='word_1_154' title='bbox 174 1578 299 1613; x_wconf 79' lang='lat' dir='ltr'>payer</span> <span class='ocrx_word' id='word_1_155' title='bbox 330 1578 409 1603; x_wconf 91' lang='lat' dir='ltr'>une</span> <span class='ocrx_word' id='word_1_156' title='bbox 429 1567 536 1602; x_wconf 84' lang='lat' dir='ltr'>dette</span> <span class='ocrx_word' id='word_1_157' title='bbox 566 1569 691 1601; x_wconf 85' lang='lat' dir='ltr'>avant</span> <span class='ocrx_word' id='word_1_158' title='bbox 719 1566 859 1602; x_wconf 86' lang='lat' dir='ltr'>l&#39;eche-</span> 
     </span>
     <span class='ocr_line' id='line_1_25' title="bbox 173 1613 856 1658; baseline -0.001 -8"><span class='ocrx_word' id='word_1_159' title='bbox 173 1625 284 1650; x_wconf 82' lang='lat' dir='ltr'>ance.</span> <span class='ocrx_word' id='word_1_160' title='bbox 323 1614 379 1650; x_wconf 83' lang='lat' dir='ltr'>Cf.</span> <span class='ocrx_word' id='word_1_161' title='bbox 416 1615 536 1650; x_wconf 73' lang='lat' dir='ltr'>CAEs.</span> <span class='ocrx_word' id='word_1_162' title='bbox 570 1615 658 1649; x_wconf 83' lang='lat' dir='ltr'>Bel.</span> <span class='ocrx_word' id='word_1_163' title='bbox 700 1615 795 1649; x_wconf 79' lang='lat' dir='ltr'>Gal.</span> <span class='ocrx_word' id='word_1_164' title='bbox 824 1613 856 1658; x_wconf 90' lang='lat' dir='ltr'>I,</span> 
     </span>
     <span class='ocr_line' id='line_1_26' title="bbox 171 1662 857 1707; baseline -0.001 -10"><span class='ocrx_word' id='word_1_165' title='bbox 171 1662 240 1699; x_wconf 81' lang='lat'>40:</span> <span class='ocrx_word' id='word_1_166' title='bbox 282 1672 340 1706; x_wconf 87' lang='lat' dir='ltr'>se,</span> <span class='ocrx_word' id='word_1_167' title='bbox 381 1664 493 1707; x_wconf 81' lang='lat' dir='ltr'>quod</span> <span class='ocrx_word' id='word_1_168' title='bbox 530 1662 577 1696; x_wconf 83' lang='lat' dir='ltr'>in</span> <span class='ocrx_word' id='word_1_169' title='bbox 620 1662 857 1706; x_wconf 74' lang='lat' dir='ltr'>lonyiorem</span> 
     </span>
     <span class='ocr_line' id='line_1_27' title="bbox 172 1711 857 1750; baseline 0 -6"><span class='ocrx_word' id='word_1_170' title='bbox 172 1711 288 1745; x_wconf 82' lang='lat' dir='ltr'>diem</span> <span class='ocrx_word' id='word_1_171' title='bbox 339 1711 583 1745; x_wconf 83' lang='lat' dir='ltr'>collaturus</span> <span class='ocrx_word' id='word_1_172' title='bbox 627 1712 750 1750; x_wconf 89' lang='lat' dir='ltr'>esset,</span> <span class='ocrx_word' id='word_1_173' title='bbox 795 1719 857 1744; x_wconf 86' lang='lat' dir='ltr'>re-</span> 
     </span>
     <span class='ocr_line' id='line_1_28' title="bbox 165 1756 853 1800; baseline 0 -9"><span class='ocrx_word' id='word_1_174' title='bbox 165 1760 575 1800; x_wconf 75' lang='lat' dir='ltr'>praesentaturum.</span> <span class='ocrx_word' id='word_1_175' title='bbox 599 1756 693 1792; x_wconf 60' lang='lat' dir='ltr'>SEN.</span> <span class='ocrx_word' id='word_1_176' title='bbox 716 1756 853 1800; x_wconf 74' lang='lat' dir='ltr'>Epist.</span> 
     </span>
     <span class='ocr_line' id='line_1_29' title="bbox 169 1803 857 1848; baseline -0.001 -9"><span class='ocrx_word' id='word_1_177' title='bbox 169 1804 239 1840; x_wconf 71' lang='lat'>95:</span> <span class='ocrx_word' id='word_1_178' title='bbox 263 1806 382 1840; x_wconf 74' lang='lat' dir='ltr'>Petis</span> <span class='ocrx_word' id='word_1_179' title='bbox 415 1814 442 1839; x_wconf 87' lang='lat' dir='ltr'>a</span> <span class='ocrx_word' id='word_1_180' title='bbox 466 1814 546 1847; x_wconf 88' lang='lat' dir='ltr'>me,</span> <span class='ocrx_word' id='word_1_181' title='bbox 570 1807 618 1838; x_wconf 87' lang='lat' dir='ltr'>ut</span> <span class='ocrx_word' id='word_1_182' title='bbox 651 1803 708 1843; x_wconf 84' lang='lat' dir='ltr'>id,</span> <span class='ocrx_word' id='word_1_183' title='bbox 745 1805 857 1848; x_wconf 83' lang='lat' dir='ltr'>quod</span> 
     </span>
     <span class='ocr_line' id='line_1_30' title="bbox 171 1852 856 1887; baseline 0.001 -2"><span class='ocrx_word' id='word_1_184' title='bbox 171 1852 219 1886; x_wconf 70' lang='lat' dir='ltr'>irc</span> <span class='ocrx_word' id='word_1_185' title='bbox 258 1853 374 1887; x_wconf 78' lang='lat' dir='ltr'>diem</span> <span class='ocrx_word' id='word_1_186' title='bbox 402 1861 529 1887; x_wconf 87' lang='lat' dir='ltr'>suam</span> <span class='ocrx_word' id='word_1_187' title='bbox 568 1852 770 1886; x_wconf 69' lang='lat' dir='ltr'>dimeram</span> <span class='ocrx_word' id='word_1_188' title='bbox 790 1852 856 1886; x_wconf 83' lang='lat' dir='ltr'>de-</span> 
     </span>
     <span class='ocr_line' id='line_1_31' title="bbox 171 1899 853 1943; baseline 0.001 -10"><span class='ocrx_word' id='word_1_189' title='bbox 171 1899 265 1935; x_wconf 80' lang='lat' dir='ltr'>bere</span> <span class='ocrx_word' id='word_1_190' title='bbox 300 1900 489 1943; x_wconf 79' lang='lat' dir='ltr'>differri,</span> <span class='ocrx_word' id='word_1_191' title='bbox 516 1901 853 1943; x_wconf 74' lang='lat' dir='ltr'>repraesentem.</span> 
     </span>
     <span class='ocr_line' id='line_1_32' title="bbox 217 1945 855 1992; baseline 0 -11"><span class='ocrx_word' id='word_1_192' title='bbox 217 1948 492 1992; x_wconf 73' lang='lat' dir='ltr'>Cuicumque,</span> <span class='ocrx_word' id='word_1_193' title='bbox 515 1946 580 1982; x_wconf 85' lang='lat' dir='ltr'>Cf.</span> <span class='ocrx_word' id='word_1_194' title='bbox 607 1947 641 1989; x_wconf 82' lang='lat'>1,</span> <span class='ocrx_word' id='word_1_195' title='bbox 665 1945 734 1982; x_wconf 83' lang='lat'>105</span> <span class='ocrx_word' id='word_1_196' title='bbox 754 1947 792 1981; x_wconf 84' lang='lat' dir='ltr'>et</span> <span class='ocrx_word' id='word_1_197' title='bbox 815 1945 855 1981; x_wconf 83' lang='lat' dir='ltr'>la</span> 
     </span>
     <span class='ocr_line' id='line_1_33' title="bbox 175 1996 287 2031; baseline 0.027 -3"><span class='ocrx_word' id='word_1_198' title='bbox 175 1996 287 2031; x_wconf 85' lang='lat' dir='ltr'>note.</span> 
     </span>
     <span class='ocr_line' id='line_1_34' title="bbox 219 2040 852 2085; baseline 0 -9"><span class='ocrx_word' id='word_1_199' title='bbox 219 2040 764 2085; x_wconf 72' lang='lat' dir='ltr'>PetentibuS...periturts.</span> <span class='ocrx_word' id='word_1_200' title='bbox 787 2040 852 2076; x_wconf 88' lang='lat' dir='ltr'>Au</span> 
     </span>
     <span class='ocr_line' id='line_1_35' title="bbox 168 2086 854 2123; baseline 0.001 -1"><span class='ocrx_word' id='word_1_201' title='bbox 168 2086 274 2123; x_wconf 70' lang='lat' dir='ltr'>datis</span> <span class='ocrx_word' id='word_1_202' title='bbox 303 2087 511 2123; x_wconf 80' lang='lat' dir='ltr'>attributis</span> <span class='ocrx_word' id='word_1_203' title='bbox 546 2088 570 2123; x_wconf 73' lang='lat' dir='ltr'>a</span> <span class='ocrx_word' id='word_1_204' title='bbox 601 2087 804 2123; x_wconf 80' lang='lat' dir='ltr'>rattacher</span> <span class='ocrx_word' id='word_1_205' title='bbox 831 2088 854 2122; x_wconf 77' lang='lat' dir='ltr'>a</span> 
     </span>
     <span class='ocr_line' id='line_1_36' title="bbox 168 2138 361 2179; baseline -0.005 -10"><span class='ocrx_word' id='word_1_206' title='bbox 168 2138 361 2179; x_wconf 79' lang='lat' dir='ltr'>quaeret.</span> 
     </span>
     <span class='ocr_line' id='line_1_37' title="bbox 218 2182 851 2219; baseline -0.003 0"><span class='ocrx_word' id='word_1_207' title='bbox 218 2184 439 2219; x_wconf 78' lang='lat' dir='ltr'>Secessum</span> <span class='ocrx_word' id='word_1_208' title='bbox 501 2185 541 2217; x_wconf 91' lang='lat' dir='ltr'>et</span> <span class='ocrx_word' id='word_1_209' title='bbox 606 2182 851 2217; x_wconf 71' lang='lat' dir='ltr'>sitentium.</span> 
     </span>
     <span class='ocr_line' id='line_1_38' title="bbox 167 2228 850 2276; baseline -0.001 -12"><span class='ocrx_word' id='word_1_210' title='bbox 167 2229 267 2275; x_wconf 65' lang='lat' dir='ltr'>Dejz&#39;i</span> <span class='ocrx_word' id='word_1_211' title='bbox 285 2229 458 2266; x_wconf 78' lang='lat' dir='ltr'>associes</span> <span class='ocrx_word' id='word_1_212' title='bbox 479 2229 572 2276; x_wconf 85' lang='lat' dir='ltr'>plus</span> <span class='ocrx_word' id='word_1_213' title='bbox 602 2229 715 2269; x_wconf 84' lang='lat' dir='ltr'>haut,</span> <span class='ocrx_word' id='word_1_214' title='bbox 733 2228 769 2269; x_wconf 91' lang='lat'>3,</span> <span class='ocrx_word' id='word_1_215' title='bbox 792 2229 850 2264; x_wconf 67' lang='lat'>23.</span> 
     </span>
     <span class='ocr_line' id='line_1_39' title="bbox 218 2277 853 2313; baseline -0.003 0"><span class='ocrx_word' id='word_1_216' title='bbox 218 2280 303 2313; x_wconf 85' lang='lat' dir='ltr'>Illa</span> <span class='ocrx_word' id='word_1_217' title='bbox 337 2278 476 2312; x_wconf 75' lang='lat' dir='ltr'>verba.</span> <span class='ocrx_word' id='word_1_218' title='bbox 511 2277 742 2311; x_wconf 86' lang='lat' dir='ltr'>Demonstr.</span> <span class='ocrx_word' id='word_1_219' title='bbox 773 2287 853 2312; x_wconf 87' lang='lat' dir='ltr'>em-</span> 
     </span>
     <span class='ocr_line' id='line_1_40' title="bbox 166 2323 851 2372; baseline -0.004 -11"><span class='ocrx_word' id='word_1_220' title='bbox 166 2325 362 2372; x_wconf 80' lang='lat' dir='ltr'>phatique</span> <span class='ocrx_word' id='word_1_221' title='bbox 396 2335 470 2370; x_wconf 90' lang='lat' dir='ltr'>par</span> <span class='ocrx_word' id='word_1_222' title='bbox 489 2323 616 2359; x_wconf 85' lang='lat' dir='ltr'>ironie</span> <span class='ocrx_word' id='word_1_223' title='bbox 632 2334 638 2358; x_wconf 89' lang='lat'><strong>:</strong></span> <span class='ocrx_word' id='word_1_224' title='bbox 657 2324 738 2358; x_wconf 76' lang='lat' dir='ltr'>illa</span> <span class='ocrx_word' id='word_1_225' title='bbox 762 2327 851 2359; x_wconf 87' lang='lat' dir='ltr'>tam</span> 
     </span>
     <span class='ocr_line' id='line_1_41' title="bbox 166 2371 755 2418; baseline -0.008 -9"><span class='ocrx_word' id='word_1_226' title='bbox 166 2374 353 2418; x_wconf 63' lang='lat' dir='ltr'>eqo-eyia,</span> <span class='ocrx_word' id='word_1_227' title='bbox 377 2372 533 2416; x_wconf 79' lang='lat' dir='ltr'>quibus</span> <span class='ocrx_word' id='word_1_228' title='bbox 554 2371 755 2414; x_wconf 76' lang='lat' dir='ltr'>superbit.</span> 
     </span>
     <span class='ocr_line' id='line_1_42' title="bbox 219 2420 851 2460; baseline -0.006 -4"><span class='ocrx_word' id='word_1_229' title='bbox 219 2423 304 2456; x_wconf 76' lang='lat' dir='ltr'>Vooe</span> <span class='ocrx_word' id='word_1_230' title='bbox 337 2430 388 2455; x_wconf 87' lang='lat' dir='ltr'>ac</span> <span class='ocrx_word' id='word_1_231' title='bbox 423 2421 564 2460; x_wconf 79' lang='lat' dir='ltr'>latus;</span> <span class='ocrx_word' id='word_1_232' title='bbox 599 2420 771 2453; x_wconf 76' lang='lat' dir='ltr'>souvent</span> <span class='ocrx_word' id='word_1_233' title='bbox 791 2428 851 2453; x_wconf 76' lang='lat' dir='ltr'>as-</span> 
     </span>
     <span class='ocr_line' id='line_1_43' title="bbox 165 2465 848 2505; baseline -0.004 -2"><span class='ocrx_word' id='word_1_234' title='bbox 165 2469 305 2503; x_wconf 80' lang='lat' dir='ltr'>socies.</span> <span class='ocrx_word' id='word_1_235' title='bbox 344 2467 406 2502; x_wconf 83' lang='lat' dir='ltr'>Cf.</span> <span class='ocrx_word' id='word_1_236' title='bbox 446 2466 533 2502; x_wconf 83' lang='lat' dir='ltr'>C1c.</span> <span class='ocrx_word' id='word_1_237' title='bbox 576 2467 667 2500; x_wconf 90' lang='lat' dir='ltr'>Ver.</span> <span class='ocrx_word' id='word_1_238' title='bbox 705 2465 740 2505; x_wconf 81' lang='lat'>4,</span> <span class='ocrx_word' id='word_1_239' title='bbox 774 2465 848 2501; x_wconf 83' lang='lat'>30:</span> 
     </span>
     <span class='ocr_line' id='line_1_44' title="bbox 164 2514 847 2559; baseline -0.006 -9"><span class='ocrx_word' id='word_1_240' title='bbox 164 2525 276 2559; x_wconf 89' lang='lat' dir='ltr'>quae</span> <span class='ocrx_word' id='word_1_241' title='bbox 298 2524 392 2557; x_wconf 72' lang='lat' dir='ltr'>vox,</span> <span class='ocrx_word' id='word_1_242' title='bbox 415 2523 526 2558; x_wconf 90' lang='lat' dir='ltr'>quae</span> <span class='ocrx_word' id='word_1_243' title='bbox 548 2514 703 2548; x_wconf 82' lang='lat' dir='ltr'>latera.</span> <span class='ocrx_word' id='word_1_244' title='bbox 722 2514 847 2547; x_wconf 84' lang='lat' dir='ltr'>Brut.</span> 
     </span>
     <span class='ocr_line' id='line_1_45' title="bbox 161 2559 850 2603; baseline -0.004 -5"><span class='ocrx_word' id='word_1_245' title='bbox 161 2562 222 2603; x_wconf 83' lang='lat'>91,</span> <span class='ocrx_word' id='word_1_246' title='bbox 240 2562 334 2598; x_wconf 79' lang='lat'><strong>316:</strong></span> <span class='ocrx_word' id='word_1_247' title='bbox 357 2562 574 2597; x_wconf 76' lang='lat' dir='ltr'>contentio</span> <span class='ocrx_word' id='word_1_248' title='bbox 611 2559 755 2595; x_wconf 74' lang='lat' dir='ltr'>nimia</span> <span class='ocrx_word' id='word_1_249' title='bbox 787 2569 850 2595; x_wconf 89' lang='lat' dir='ltr'>vo-</span> 
     </span>
     <span class='ocr_line' id='line_1_46' title="bbox 162 2608 849 2651; baseline -0.004 -6"><span class='ocrx_word' id='word_1_250' title='bbox 162 2610 224 2645; x_wconf 78' lang='lat' dir='ltr'>cis</span> <span class='ocrx_word' id='word_1_251' title='bbox 257 2610 521 2645; x_wconf 71' lang='lat' dir='ltr'>resederat...</span> <span class='ocrx_word' id='word_1_252' title='bbox 554 2608 849 2651; x_wconf 78' lang='lat' dir='ltr'>lateribusque</span> 
     </span>
     <span class='ocr_line' id='line_1_47' title="bbox 162 2654 847 2697; baseline -0.001 -7"><span class='ocrx_word' id='word_1_253' title='bbox 162 2654 847 2697; x_wconf 65' lang='lat' dir='ltr'>vtres...accesserant.CRQUINT.</span> 
     </span>
     <span class='ocr_line' id='line_1_48' title="bbox 160 2703 849 2747; baseline -0.003 -9"><span class='ocrx_word' id='word_1_254' title='bbox 160 2703 253 2747; x_wconf 89' lang='lat' dir='ltr'>XII,</span> <span class='ocrx_word' id='word_1_255' title='bbox 275 2704 335 2746; x_wconf 77' lang='lat'>11,</span> <span class='ocrx_word' id='word_1_256' title='bbox 356 2703 379 2738; x_wconf 75' lang='lat'><strong>2</strong></span> <span class='ocrx_word' id='word_1_257' title='bbox 394 2714 402 2738; x_wconf 92' lang='lat'>:</span> <span class='ocrx_word' id='word_1_258' title='bbox 419 2705 565 2747; x_wconf 80' lang='lat' dir='ltr'>Neque</span> <span class='ocrx_word' id='word_1_259' title='bbox 582 2703 700 2737; x_wconf 79' lang='lat' dir='ltr'>enim</span> <span class='ocrx_word' id='word_1_260' title='bbox 719 2703 849 2737; x_wconf 77' lang='lat' dir='ltr'>scien-</span> 
     </span>
     <span class='ocr_line' id='line_1_49' title="bbox 162 2752 846 2786; baseline -0.003 -2"><span class='ocrx_word' id='word_1_261' title='bbox 162 2752 226 2786; x_wconf 76' lang='lat' dir='ltr'>tia</span> <span class='ocrx_word' id='word_1_262' title='bbox 271 2752 391 2786; x_wconf 83' lang='lat' dir='ltr'>modo</span> <span class='ocrx_word' id='word_1_263' title='bbox 437 2752 605 2786; x_wconf 79' lang='lat' dir='ltr'>constat</span> <span class='ocrx_word' id='word_1_264' title='bbox 656 2752 846 2784; x_wconf 81' lang='lat' dir='ltr'>orator...</span> 
     </span>
    </p>
   </div>
   <div class='ocr_carea' id='block_1_6' title="bbox 264 2846 566 2888">
    <p class='ocr_par' dir='ltr' id='par_1_6' title="bbox 264 2846 566 2888">
     <span class='ocr_line' id='line_1_50' title="bbox 264 2846 566 2888; baseline -0.003 -10"><span class='ocrx_word' id='word_1_265' title='bbox 264 2847 405 2888; x_wconf 57' lang='lat' dir='ltr'>Quium,</span> <span class='ocrx_word' id='word_1_266' title='bbox 425 2847 499 2878; x_wconf 78' lang='lat' dir='ltr'>Lm.</span> <span class='ocrx_word' id='word_1_267' title='bbox 524 2846 566 2877; x_wconf 89' lang='lat' dir='ltr'>X.</span> 
     </span>
    </p>
   </div>
   <div class='ocr_carea' id='block_1_7' title="bbox 905 1279 1609 2794">
    <p class='ocr_par' dir='ltr' id='par_1_7' title="bbox 924 1279 1609 1371">
     <span class='ocr_line' id='line_1_51' title="bbox 925 1279 1609 1327; baseline -0.001 -13"><span class='ocrx_word' id='word_1_268' title='bbox 925 1279 1038 1315; x_wconf 89' lang='lat' dir='ltr'>Nous</span> <span class='ocrx_word' id='word_1_269' title='bbox 1050 1279 1288 1327; x_wconf 84' lang='lat' dir='ltr'>employons</span> <span class='ocrx_word' id='word_1_270' title='bbox 1303 1290 1355 1314; x_wconf 88' lang='lat' dir='ltr'>au</span> <span class='ocrx_word' id='word_1_271' title='bbox 1370 1281 1498 1314; x_wconf 80' lang='lat' dir='ltr'>meme</span> <span class='ocrx_word' id='word_1_272' title='bbox 1516 1289 1609 1314; x_wconf 83' lang='lat' dir='ltr'>sens</span> 
     </span>
     <span class='ocr_line' id='line_1_52' title="bbox 924 1326 1608 1371; baseline -0.001 -9"><span class='ocrx_word' id='word_1_273' title='bbox 924 1326 983 1363; x_wconf 83' lang='lat' dir='ltr'>les</span> <span class='ocrx_word' id='word_1_274' title='bbox 1001 1330 1106 1363; x_wconf 86' lang='lat' dir='ltr'>mots</span> <span class='ocrx_word' id='word_1_275' title='bbox 1120 1329 1313 1371; x_wconf 76' lang='lat' dir='ltr'>poitrine</span> <span class='ocrx_word' id='word_1_276' title='bbox 1334 1328 1608 1370; x_wconf 76' lang='lat' dir='ltr'>etpoumous.</span> 
     </span>
    </p>

    <p class='ocr_par' dir='ltr' id='par_1_8' title="bbox 922 1374 1608 1695">
     <span class='ocr_line' id='line_1_53' title="bbox 969 1374 1607 1411; baseline -0.005 0"><span class='ocrx_word' id='word_1_277' title='bbox 969 1375 1006 1411; x_wconf 88' lang='lat'>3.</span> <span class='ocrx_word' id='word_1_278' title='bbox 1029 1375 1168 1411; x_wconf 80' lang='lat' dir='ltr'>Ratio.</span> <span class='ocrx_word' id='word_1_279' title='bbox 1191 1375 1267 1410; x_wconf 86' lang='lat' dir='ltr'>Les</span> <span class='ocrx_word' id='word_1_280' title='bbox 1289 1374 1607 1410; x_wconf 68' lang='lat' dir='ltr'>consideratione,</span> 
     </span>
     <span class='ocr_line' id='line_1_54' title="bbox 925 1420 1607 1470; baseline -0.003 -13"><span class='ocrx_word' id='word_1_281' title='bbox 925 1423 994 1469; x_wconf 86' lang='lat' dir='ltr'>qui</span> <span class='ocrx_word' id='word_1_282' title='bbox 1026 1422 1240 1470; x_wconf 82' lang='lat' dir='ltr'>precedent</span> <span class='ocrx_word' id='word_1_283' title='bbox 1267 1424 1359 1456; x_wconf 84' lang='lat' dir='ltr'>sont</span> <span class='ocrx_word' id='word_1_284' title='bbox 1390 1421 1437 1456; x_wconf 87' lang='lat' dir='ltr'>de</span> <span class='ocrx_word' id='word_1_285' title='bbox 1464 1420 1607 1456; x_wconf 73' lang='lat' dir='ltr'>Fordre</span> 
     </span>
     <span class='ocr_line' id='line_1_55' title="bbox 924 1467 1608 1516; baseline -0.004 -11"><span class='ocrx_word' id='word_1_286' title='bbox 924 1471 1132 1516; x_wconf 64' lang='lat' dir='ltr'>mutique,</span> <span class='ocrx_word' id='word_1_287' title='bbox 1173 1479 1215 1505; x_wconf 82' lang='lat' dir='ltr'>ce</span> <span class='ocrx_word' id='word_1_288' title='bbox 1248 1471 1333 1504; x_wconf 90' lang='lat' dir='ltr'>mot</span> <span class='ocrx_word' id='word_1_289' title='bbox 1374 1468 1537 1513; x_wconf 78' lang='lat' dir='ltr'>designe</span> <span class='ocrx_word' id='word_1_290' title='bbox 1567 1467 1608 1503; x_wconf 82' lang='lat' dir='ltr'>la</span> 
     </span>
     <span class='ocr_line' id='line_1_56' title="bbox 924 1515 1603 1553; baseline -0.004 -1"><span class='ocrx_word' id='word_1_291' title='bbox 924 1517 1076 1553; x_wconf 86' lang='lat' dir='ltr'>theorie</span> <span class='ocrx_word' id='word_1_292' title='bbox 1098 1519 1226 1552; x_wconf 83' lang='lat' dir='ltr'>meme</span> <span class='ocrx_word' id='word_1_293' title='bbox 1241 1516 1287 1551; x_wconf 89' lang='lat' dir='ltr'>de</span> <span class='ocrx_word' id='word_1_294' title='bbox 1306 1516 1396 1551; x_wconf 89' lang='lat' dir='ltr'>l&#39;art</span> <span class='ocrx_word' id='word_1_295' title='bbox 1417 1515 1603 1551; x_wconf 80' lang='lat' dir='ltr'>oratoire.</span> 
     </span>
     <span class='ocr_line' id='line_1_57' title="bbox 922 1563 1606 1610; baseline -0.004 -10"><span class='ocrx_word' id='word_1_296' title='bbox 922 1564 984 1600; x_wconf 85' lang='lat' dir='ltr'>Cf.</span> <span class='ocrx_word' id='word_1_297' title='bbox 1024 1565 1061 1608; x_wconf 84' lang='lat'>3,</span> <span class='ocrx_word' id='word_1_298' title='bbox 1095 1565 1156 1607; x_wconf 78' lang='lat'>15,</span> <span class='ocrx_word' id='word_1_299' title='bbox 1199 1565 1250 1599; x_wconf 78' lang='lat' dir='ltr'>ou</span> <span class='ocrx_word' id='word_1_300' title='bbox 1283 1563 1312 1598; x_wconf 87' lang='lat' dir='ltr'>il</span> <span class='ocrx_word' id='word_1_301' title='bbox 1361 1563 1543 1610; x_wconf 89' lang='lat' dir='ltr'>s&#39;oppose</span> <span class='ocrx_word' id='word_1_302' title='bbox 1583 1563 1606 1597; x_wconf 73' lang='lat' dir='ltr'>a</span> 
     </span>
     <span class='ocr_line' id='line_1_58' title="bbox 923 1609 1605 1648; baseline -0.003 -1"><span class='ocrx_word' id='word_1_303' title='bbox 923 1613 1180 1648; x_wconf 75' lang='lat' dir='ltr'>exercitatio</span> <span class='ocrx_word' id='word_1_304' title='bbox 1219 1621 1314 1647; x_wconf 86' lang='lat' dir='ltr'>avec</span> <span class='ocrx_word' id='word_1_305' title='bbox 1355 1609 1391 1646; x_wconf 87' lang='lat' dir='ltr'>le</span> <span class='ocrx_word' id='word_1_306' title='bbox 1427 1620 1520 1645; x_wconf 88' lang='lat' dir='ltr'>sens</span> <span class='ocrx_word' id='word_1_307' title='bbox 1557 1609 1605 1645; x_wconf 84' lang='lat' dir='ltr'>de</span> 
     </span>
     <span class='ocr_line' id='line_1_59' title="bbox 923 1660 1131 1695; baseline -0.005 -1"><span class='ocrx_word' id='word_1_308' title='bbox 923 1660 1131 1695; x_wconf 82' lang='lat' dir='ltr'>methode.</span> 
     </span>
    </p>

    <p class='ocr_par' dir='ltr' id='par_1_9' title="bbox 905 1704 1605 2698">
     <span class='ocr_line' id='line_1_60' title="bbox 969 1704 1605 1742; baseline -0.006 0"><span class='ocrx_word' id='word_1_309' title='bbox 969 1708 1174 1742; x_wconf 80' lang='lat' dir='ltr'>omittere</span> <span class='ocrx_word' id='word_1_310' title='bbox 1207 1716 1334 1742; x_wconf 84' lang='lat' dir='ltr'>casus</span> <span class='ocrx_word' id='word_1_311' title='bbox 1353 1718 1394 1732; x_wconf 92' lang='lat'>=</span> <span class='ocrx_word' id='word_1_312' title='bbox 1412 1714 1464 1740; x_wconf 80' lang='lat' dir='ltr'>ne</span> <span class='ocrx_word' id='word_1_313' title='bbox 1489 1704 1605 1739; x_wconf 79' lang='lat' dir='ltr'>tenir</span> 
     </span>
     <span class='ocr_line' id='line_1_61' title="bbox 920 1753 1603 1797; baseline -0.007 -7"><span class='ocrx_word' id='word_1_314' title='bbox 920 1764 1068 1790; x_wconf 72' lang='lat' dir='ltr'>aucun</span> <span class='ocrx_word' id='word_1_315' title='bbox 1096 1757 1272 1797; x_wconf 77' lang='lat' dir='ltr'>compte,</span> <span class='ocrx_word' id='word_1_316' title='bbox 1298 1763 1351 1788; x_wconf 75' lang='lat' dir='ltr'>ne</span> <span class='ocrx_word' id='word_1_317' title='bbox 1375 1753 1484 1787; x_wconf 76' lang='lat' dir='ltr'>tirer</span> <span class='ocrx_word' id='word_1_318' title='bbox 1518 1761 1603 1786; x_wconf 87' lang='lat' dir='ltr'>au-</span> 
     </span>
     <span class='ocr_line' id='line_1_62' title="bbox 921 1800 1604 1846; baseline -0.004 -9"><span class='ocrx_word' id='word_1_319' title='bbox 921 1812 1005 1838; x_wconf 79' lang='lat' dir='ltr'>cun</span> <span class='ocrx_word' id='word_1_320' title='bbox 1020 1803 1144 1846; x_wconf 77' lang='lat' dir='ltr'>parti</span> <span class='ocrx_word' id='word_1_321' title='bbox 1165 1803 1238 1837; x_wconf 79' lang='lat' dir='ltr'>des</span> <span class='ocrx_word' id='word_1_322' title='bbox 1270 1801 1455 1835; x_wconf 84' lang='lat' dir='ltr'>hasards</span> <span class='ocrx_word' id='word_1_323' title='bbox 1477 1800 1604 1834; x_wconf 78' lang='lat' dir='ltr'>d’une</span> 
     </span>
     <span class='ocr_line' id='line_1_63' title="bbox 919 1845 1603 1894; baseline -0.007 -9"><span class='ocrx_word' id='word_1_324' title='bbox 919 1859 1049 1885; x_wconf 85' lang='lat' dir='ltr'>cause</span> <span class='ocrx_word' id='word_1_325' title='bbox 1069 1860 1083 1892; x_wconf 89' lang='lat'><em>;</em></span> <span class='ocrx_word' id='word_1_326' title='bbox 1115 1848 1266 1884; x_wconf 75' lang='lat' dir='ltr'>c.—a-d.</span> <span class='ocrx_word' id='word_1_327' title='bbox 1301 1847 1458 1894; x_wconf 81' lang='lat' dir='ltr'>plaider</span> <span class='ocrx_word' id='word_1_328' title='bbox 1478 1845 1603 1881; x_wconf 85' lang='lat' dir='ltr'>seule-</span> 
     </span>
     <span class='ocr_line' id='line_1_64' title="bbox 919 1895 1602 1941; baseline -0.006 -9"><span class='ocrx_word' id='word_1_329' title='bbox 919 1899 1032 1932; x_wconf 88' lang='lat' dir='ltr'>ment</span> <span class='ocrx_word' id='word_1_330' title='bbox 1053 1907 1122 1932; x_wconf 90' lang='lat' dir='ltr'>sur</span> <span class='ocrx_word' id='word_1_331' title='bbox 1140 1896 1198 1931; x_wconf 88' lang='lat' dir='ltr'>les</span> <span class='ocrx_word' id='word_1_332' title='bbox 1219 1897 1334 1931; x_wconf 86' lang='lat' dir='ltr'>notes</span> <span class='ocrx_word' id='word_1_333' title='bbox 1356 1895 1476 1941; x_wconf 88' lang='lat' dir='ltr'>qu&#39;on</span> <span class='ocrx_word' id='word_1_334' title='bbox 1501 1903 1602 1928; x_wconf 84' lang='lat' dir='ltr'>aura</span> 
     </span>
     <span class='ocr_line' id='line_1_65' title="bbox 918 1942 1602 1991; baseline -0.006 -12"><span class='ocrx_word' id='word_1_335' title='bbox 918 1945 1131 1991; x_wconf 84' lang='lat' dir='ltr'>preparees</span> <span class='ocrx_word' id='word_1_336' title='bbox 1161 1943 1364 1979; x_wconf 84' lang='lat' dir='ltr'>d&#39;avance.</span> <span class='ocrx_word' id='word_1_337' title='bbox 1392 1942 1451 1977; x_wconf 90' lang='lat' dir='ltr'>De</span> <span class='ocrx_word' id='word_1_338' title='bbox 1472 1943 1602 1989; x_wconf 83' lang='lat' dir='ltr'>meme</span> 
     </span>
     <span class='ocr_line' id='line_1_66' title="bbox 917 1988 1598 2038; baseline -0.007 -11"><span class='ocrx_word' id='word_1_339' title='bbox 917 2002 1021 2038; x_wconf 85' lang='lat' dir='ltr'>pour</span> <span class='ocrx_word' id='word_1_340' title='bbox 1057 1992 1283 2033; x_wconf 83' lang='lat' dir='ltr'>omittere,</span> <span class='ocrx_word' id='word_1_341' title='bbox 1325 1989 1413 2032; x_wconf 89' lang='lat' dir='ltr'>VII,</span> <span class='ocrx_word' id='word_1_342' title='bbox 1453 1988 1488 2031; x_wconf 85' lang='lat'>1,</span> <span class='ocrx_word' id='word_1_343' title='bbox 1527 1988 1598 2023; x_wconf 70' lang='lat'>19:</span> 
     </span>
     <span class='ocr_line' id='line_1_67' title="bbox 919 2036 1601 2081; baseline -0.007 -7"><span class='ocrx_word' id='word_1_344' title='bbox 919 2049 1005 2074; x_wconf 72' lang='lat' dir='ltr'>non</span> <span class='ocrx_word' id='word_1_345' title='bbox 1027 2042 1076 2074; x_wconf 88' lang='lat' dir='ltr'>ut</span> <span class='ocrx_word' id='word_1_346' title='bbox 1100 2039 1331 2073; x_wconf 75' lang='lat' dir='ltr'>damnasse</span> <span class='ocrx_word' id='word_1_347' title='bbox 1353 2047 1422 2072; x_wconf 86' lang='lat' dir='ltr'>eas</span> <span class='ocrx_word' id='word_1_348' title='bbox 1445 2036 1601 2081; x_wconf 85' lang='lat' dir='ltr'>(quaes-</span> 
     </span>
     <span class='ocr_line' id='line_1_68' title="bbox 917 2083 1601 2132; baseline -0.007 -10"><span class='ocrx_word' id='word_1_349' title='bbox 917 2086 1063 2132; x_wconf 89' lang='lat' dir='ltr'>tiones)</span> <span class='ocrx_word' id='word_1_350' title='bbox 1111 2087 1329 2127; x_wconf 78' lang='lat' dir='ltr'>vz&#39;deatur‚</span> <span class='ocrx_word' id='word_1_351' title='bbox 1369 2085 1444 2120; x_wconf 82' lang='lat' dir='ltr'>sed</span> <span class='ocrx_word' id='word_1_352' title='bbox 1488 2083 1601 2118; x_wconf 82' lang='lat' dir='ltr'>omi-</span> 
     </span>
     <span class='ocr_line' id='line_1_69' title="bbox 916 2130 1597 2173; baseline -0.007 -4"><span class='ocrx_word' id='word_1_353' title='bbox 916 2135 1037 2169; x_wconf 81' lang='lat' dir='ltr'>sisse.</span> <span class='ocrx_word' id='word_1_354' title='bbox 1079 2133 1186 2168; x_wconf 90' lang='lat' dir='ltr'>Pour</span> <span class='ocrx_word' id='word_1_355' title='bbox 1221 2142 1349 2168; x_wconf 84' lang='lat' dir='ltr'>casus</span> <span class='ocrx_word' id='word_1_356' title='bbox 1387 2131 1438 2166; x_wconf 84' lang='lat' dir='ltr'>cf.</span> <span class='ocrx_word' id='word_1_357' title='bbox 1478 2130 1513 2173; x_wconf 81' lang='lat'>1,</span> <span class='ocrx_word' id='word_1_358' title='bbox 1549 2130 1597 2165; x_wconf 78' lang='lat'>2:</span> 
     </span>
     <span class='ocr_line' id='line_1_70' title="bbox 913 2181 1599 2224; baseline -0.007 -8"><span class='ocrx_word' id='word_1_359' title='bbox 913 2183 1122 2224; x_wconf 83' lang='lat' dir='ltr'>paratam</span> <span class='ocrx_word' id='word_1_360' title='bbox 1170 2181 1228 2215; x_wconf 79' lang='lat' dir='ltr'>ad</span> <span class='ocrx_word' id='word_1_361' title='bbox 1276 2188 1422 2214; x_wconf 78' lang='lat' dir='ltr'>omnes</span> <span class='ocrx_word' id='word_1_362' title='bbox 1471 2187 1599 2212; x_wconf 82' lang='lat' dir='ltr'>casus</span> 
     </span>
     <span class='ocr_line' id='line_1_71' title="bbox 917 2226 1597 2272; baseline -0.007 -10"><span class='ocrx_word' id='word_1_363' title='bbox 917 2228 1208 2272; x_wconf 77' lang='lat' dir='ltr'>eloquentiam</span> <span class='ocrx_word' id='word_1_364' title='bbox 1242 2228 1282 2262; x_wconf 88' lang='lat' dir='ltr'>et</span> <span class='ocrx_word' id='word_1_365' title='bbox 1308 2226 1345 2269; x_wconf 86' lang='lat'>3,</span> <span class='ocrx_word' id='word_1_366' title='bbox 1366 2226 1418 2261; x_wconf 83' lang='lat'>3:</span> <span class='ocrx_word' id='word_1_367' title='bbox 1455 2234 1597 2268; x_wconf 78' lang='lat' dir='ltr'>opes...</span> 
     </span>
     <span class='ocr_line' id='line_1_72' title="bbox 915 2272 1596 2319; baseline -0.007 -9"><span class='ocrx_word' id='word_1_368' title='bbox 915 2277 972 2310; x_wconf 82' lang='lat' dir='ltr'>ad</span> <span class='ocrx_word' id='word_1_369' title='bbox 994 2276 1156 2310; x_wconf 80' lang='lat' dir='ltr'>subitos</span> <span class='ocrx_word' id='word_1_370' title='bbox 1177 2284 1353 2310; x_wconf 83' lang='lat' dir='ltr'>casus...</span> <span class='ocrx_word' id='word_1_371' title='bbox 1381 2272 1596 2319; x_wconf 81' lang='lat' dir='ltr'>(proferen-</span> 
     </span>
     <span class='ocr_line' id='line_1_73' title="bbox 915 2318 1594 2367; baseline -0.009 -9"><span class='ocrx_word' id='word_1_372' title='bbox 915 2322 1020 2367; x_wconf 82' lang='lat' dir='ltr'>dae),</span> <span class='ocrx_word' id='word_1_373' title='bbox 1062 2332 1160 2357; x_wconf 81' lang='lat' dir='ltr'>avec</span> <span class='ocrx_word' id='word_1_374' title='bbox 1191 2321 1250 2356; x_wconf 89' lang='lat' dir='ltr'>les</span> <span class='ocrx_word' id='word_1_375' title='bbox 1282 2322 1422 2356; x_wconf 70' lang='lat' dir='ltr'>notos:</span> <span class='ocrx_word' id='word_1_376' title='bbox 1460 2318 1525 2361; x_wconf 92' lang='lat' dir='ltr'>VI,</span> <span class='ocrx_word' id='word_1_377' title='bbox 1560 2319 1594 2361; x_wconf 83' lang='lat'>1,</span> 
     </span>
     <span class='ocr_line' id='line_1_74' title="bbox 913 2367 1592 2415; baseline -0.009 -10"><span class='ocrx_word' id='word_1_378' title='bbox 913 2369 983 2405; x_wconf 78' lang='lat'>42:</span> <span class='ocrx_word' id='word_1_379' title='bbox 1004 2370 1079 2415; x_wconf 81' lang='lat' dir='ltr'>qui</span> <span class='ocrx_word' id='word_1_380' title='bbox 1098 2379 1125 2404; x_wconf 86' lang='lat' dir='ltr'>a</span> <span class='ocrx_word' id='word_1_381' title='bbox 1139 2369 1240 2404; x_wconf 79' lang='lat' dir='ltr'>stilo</span> <span class='ocrx_word' id='word_1_382' title='bbox 1261 2378 1348 2403; x_wconf 77' lang='lat' dir='ltr'>non</span> <span class='ocrx_word' id='word_1_383' title='bbox 1368 2367 1592 2407; x_wconf 76' lang='lat' dir='ltr'>recedunt,</span> 
     </span>
     <span class='ocr_line' id='line_1_75' title="bbox 913 2414 1592 2453; baseline -0.009 -1"><span class='ocrx_word' id='word_1_384' title='bbox 913 2420 993 2452; x_wconf 87' lang='lat' dir='ltr'>aut</span> <span class='ocrx_word' id='word_1_385' title='bbox 1016 2418 1310 2453; x_wconf 79' lang='lat' dir='ltr'>conticescunt</span> <span class='ocrx_word' id='word_1_386' title='bbox 1349 2416 1407 2450; x_wconf 80' lang='lat' dir='ltr'>act</span> <span class='ocrx_word' id='word_1_387' title='bbox 1437 2414 1506 2448; x_wconf 81' lang='lat' dir='ltr'>hos</span> <span class='ocrx_word' id='word_1_388' title='bbox 1527 2422 1592 2447; x_wconf 86' lang='lat' dir='ltr'>ca-</span> 
     </span>
     <span class='ocr_line' id='line_1_76' title="bbox 913 2459 1594 2509; baseline -0.009 -10"><span class='ocrx_word' id='word_1_389' title='bbox 913 2475 987 2499; x_wconf 83' lang='lat' dir='ltr'>sus</span> <span class='ocrx_word' id='word_1_390' title='bbox 1008 2467 1088 2499; x_wconf 89' lang='lat' dir='ltr'>aut</span> <span class='ocrx_word' id='word_1_391' title='bbox 1101 2462 1458 2509; x_wconf 73' lang='lat' dir='ltr'>frequentissime</span> <span class='ocrx_word' id='word_1_392' title='bbox 1474 2459 1594 2504; x_wconf 80' lang='lat' dir='ltr'>falsa</span> 
     </span>
     <span class='ocr_line' id='line_1_77' title="bbox 914 2508 1589 2559; baseline -0.01 -13"><span class='ocrx_word' id='word_1_393' title='bbox 914 2512 1082 2555; x_wconf 76' lang='lat' dir='ltr'>dicunt,</span> <span class='ocrx_word' id='word_1_394' title='bbox 1122 2511 1214 2554; x_wconf 87' lang='lat' dir='ltr'>XII,</span> <span class='ocrx_word' id='word_1_395' title='bbox 1249 2510 1285 2553; x_wconf 85' lang='lat'>9,</span> <span class='ocrx_word' id='word_1_396' title='bbox 1321 2509 1392 2544; x_wconf 66' lang='lat'>320:</span> <span class='ocrx_word' id='word_1_397' title='bbox 1430 2508 1589 2559; x_wconf 50' lang='lat' dir='ltr'>Licet...</span> 
     </span>
     <span class='ocr_line' id='line_1_78' title="bbox 906 2557 1592 2603; baseline -0.012 -8"><span class='ocrx_word' id='word_1_398' title='bbox 906 2559 1208 2603; x_wconf 74' lang='lat' dir='ltr'>praecoqitare</span> <span class='ocrx_word' id='word_1_399' title='bbox 1240 2558 1376 2601; x_wconf 72' lang='lat' dir='ltr'>plura</span> <span class='ocrx_word' id='word_1_400' title='bbox 1412 2557 1452 2590; x_wconf 90' lang='lat' dir='ltr'>et</span> <span class='ocrx_word' id='word_1_401' title='bbox 1488 2563 1592 2588; x_wconf 81' lang='lat' dir='ltr'>am-</span> 
     </span>
     <span class='ocr_line' id='line_1_79' title="bbox 913 2607 1591 2641; baseline -0.01 0"><span class='ocrx_word' id='word_1_402' title='bbox 913 2616 1030 2641; x_wconf 87' lang='lat' dir='ltr'>mum</span> <span class='ocrx_word' id='word_1_403' title='bbox 1061 2607 1119 2641; x_wconf 81' lang='lat' dir='ltr'>ad</span> <span class='ocrx_word' id='word_1_404' title='bbox 1152 2614 1298 2641; x_wconf 76' lang='lat' dir='ltr'>omnes</span> <span class='ocrx_word' id='word_1_405' title='bbox 1328 2612 1455 2638; x_wconf 84' lang='lat' dir='ltr'>casus</span> <span class='ocrx_word' id='word_1_406' title='bbox 1475 2609 1591 2635; x_wconf 87' lang='lat' dir='ltr'>com-</span> 
     </span>
     <span class='ocr_line' id='line_1_80' title="bbox 905 2650 1501 2698; baseline -0.013 -9"><span class='ocrx_word' id='word_1_407' title='bbox 905 2663 1074 2698; x_wconf 74' lang='lat' dir='ltr'>ponere,</span> <span class='ocrx_word' id='word_1_408' title='bbox 1094 2654 1133 2687; x_wconf 88' lang='lat' dir='ltr'>et</span> <span class='ocrx_word' id='word_1_409' title='bbox 1151 2653 1240 2687; x_wconf 85' lang='lat' dir='ltr'>tout</span> <span class='ocrx_word' id='word_1_410' title='bbox 1259 2650 1296 2685; x_wconf 87' lang='lat' dir='ltr'>le</span> <span class='ocrx_word' id='word_1_411' title='bbox 1317 2657 1501 2695; x_wconf 76' lang='lat' dir='ltr'>passage.</span> 
     </span>
    </p>

    <p class='ocr_par' dir='ltr' id='par_1_10' title="bbox 912 2697 1590 2794">
     <span class='ocr_line' id='line_1_81' title="bbox 958 2697 1590 2736; baseline -0.011 -2"><span class='ocrx_word' id='word_1_412' title='bbox 958 2701 1154 2736; x_wconf 78' lang='lat' dir='ltr'>Fallunt.</span> <span class='ocrx_word' id='word_1_413' title='bbox 1191 2698 1236 2734; x_wconf 93' lang='lat' dir='ltr'>V.</span> <span class='ocrx_word' id='word_1_414' title='bbox 1268 2697 1492 2732; x_wconf 84' lang='lat' dir='ltr'>l&#39;aventure</span> <span class='ocrx_word' id='word_1_415' title='bbox 1519 2703 1590 2728; x_wconf 87' lang='lat' dir='ltr'>eo—</span> 
     </span>
     <span class='ocr_line' id='line_1_82' title="bbox 912 2741 1569 2794; baseline -0.012 -11"><span class='ocrx_word' id='word_1_416' title='bbox 912 2748 1047 2794; x_wconf 89' lang='lat' dir='ltr'>mique</span> <span class='ocrx_word' id='word_1_417' title='bbox 1082 2746 1235 2781; x_wconf 82' lang='lat' dir='ltr'>arrivee</span> <span class='ocrx_word' id='word_1_418' title='bbox 1267 2745 1290 2779; x_wconf 75' lang='lat' dir='ltr'>a</span> <span class='ocrx_word' id='word_1_419' title='bbox 1325 2754 1381 2778; x_wconf 86' lang='lat' dir='ltr'>un</span> <span class='ocrx_word' id='word_1_420' title='bbox 1402 2741 1569 2777; x_wconf 85' lang='lat' dir='ltr'>mauvai</span> 
     </span>
    </p>
   </div>
   <div class='ocr_carea' id='block_1_8' title="bbox 1436 2835 1475 2868">
    <p class='ocr_par' dir='ltr' id='par_1_11' title="bbox 1436 2835 1475 2868">
     <span class='ocr_line' id='line_1_83' title="bbox 1436 2835 1475 2868; baseline 0 0"><span class='ocrx_word' id='word_1_421' title='bbox 1436 2835 1475 2868; x_wconf 87' lang='lat'>10</span> 
     </span>
    </p>
   </div>
  </div>
 </body>
</html>
