1997 3231
760 188 970 228 —41-

149 294 360 328 canentem
393 289 515 328 duces
548 294 584 327 et
619 289 720 341 epici
752 289 944 328 carminis
964 301 1084 327 onera
1105 288 1187 339 lyra
1208 289 1490 328 sustinentem.

146 355 293 394 Reddit
314 355 422 393 enim
443 354 624 406 personis
645 355 686 392 in
707 354 859 404 agendo
880 354 1001 393 simul
1023 354 1299 405 loquendoque
1319 355 1495 394 debitam

144 421 395 471 dignitatem,
419 433 464 459 30
485 420 518 458 si
539 420 733 458 tenuisset
754 420 935 470 modum,
959 419 1118 458 videtur
1139 420 1332 458 aemulari
1363 421 1494 472 proxi-

145 499 237 524 mus
274 486 497 524 Homerum
530 486 722 537 potuisse,
757 486 826 524 sed
863 485 1061 524 redundat
1097 489 1217 536 atque
1257 486 1491 536 effunditur,

145 551 250 602 quod
285 555 329 590 ut
351 555 409 590 est
443 551 837 602 reprehendendum,
872 551 924 589 ita
961 551 1096 602 copiae
1127 550 1271 588 vitium
1303 554 1375 588 est.
1416 551 1497 589 Al·
1524 549 1576 589 63

146 631 167 656 c
181 631 203 656 a
219 630 240 655 e
255 631 280 656 u
298 630 316 656 s
338 618 378 655 in
400 620 511 668 parte
531 616 662 667 operis
694 629 716 655 3
732 629 758 655 u
774 630 794 655 r
809 630 829 655 e
844 629 865 654 o
901 629 925 668 p
943 617 989 654 le
1004 619 1087 654 etr
1101 628 1122 653 o
1143 615 1285 653 merito
1306 615 1492 666 donatur,

147 697 226 735 qua
246 688 436 735 tyrannos
457 682 675 721 insectatus
696 683 872 721 multum
893 682 1014 721 etiam
1045 681 1226 720 moribus
1263 682 1432 732 confert,
1454 683 1496 721 in

149 750 370 801 eloquendo
390 759 548 799 quoque
567 749 699 788 brevis
721 753 759 788 et
779 749 1019 800 magnificus
1034 752 1072 786 et
1086 747 1244 787 dicendi
1264 748 1302 786 vi
1322 747 1499 800 plerum-

151 900 286 927 oeuvre
307 890 494 937 poetique
509 901 519 936 3
554 889 651 936 qu'il
672 889 770 925 etait
795 888 831 924 le

151 938 245 984 plus
279 938 513 985 homerique
553 938 621 973 des
660 937 796 984 poetes
820 947 828 972 :

152 988 469 1038 Ὀμηρικώτατος.
510 991 638 1027 Loxe.
676 990 745 1033 13,
785 990 824 1026 3.

150 1039 211 1075 Cf.
246 1041 450 1075 ANTIPAT.
487 1039 576 1075 Sin.
617 1040 690 1082 Ep.
713 1039 758 1073 77
793 1041 831 1073 et

150 1086 258 1123 D1ox
296 1087 452 1123 CHRYs.
493 1087 545 1129 ΙΙ,
580 1097 619 1132 p.
652 1085 734 1121 1284.
769 1085 830 1121 On

150 1135 236 1170 voit
269 1145 346 1181 que
381 1135 515 1177 Quint.
557 1136 618 1169 est
651 1133 753 1168 dans
790 1132 830 1168 13

151 1183 356 1217 tradition.

199 1231 510 1265 Sasu-nentem.
541 1229 647 1265 HOR.
671 1230 742 1264 Od.
762 1228 829 1270 IV,

149 1277 185 1318 9,
225 1278 248 1313 8
271 1290 277 1312 :
317 1277 632 1320 Stesichorique
678 1286 831 1321 yraves

152 1326 377 1360 Camenae.
400 1325 501 1360 ΑΕΒ.
533 1325 644 1358 Hist.
680 1324 824 1358 Anim.

151 1377 474 1424 17‚37,1’appe11e
490 1371 623 1422 σεμνός
635 1379 673 1412 31
689 1376 829 1419 PLINE,

151 1426 203 1460 H.
234 1426 286 1467 N,
321 1424 373 1468 ΙΙ,
395 1425 454 1469 12,
475 1426 522 1461 54
542 1424 654 1471 parle
685 1424 733 1459 de
750 1425 833 1458 Ste-

152 1473 312 1508 sichori
361 1476 401 1508 et
452 1473 643 1508 Pindari
682 1474 832 1506 vatum

153 1521 361 1555 sublimia
394 1530 483 1555 ora.
516 1520 628 1555 Voici
660 1518 696 1553 le
714 1518 834 1564 juge-

154 1574 264 1607 ment
294 1572 342 1608 de
373 1570 486 1620 Γάρχ.
509 1569 623 1617 κρίσις
647 1579 654 1604 ;
677 1566 772 1615 λέγω
794 1565 835 1602 δὲ

152 1627 218 1671 τῆς
274 1621 583 1671 μεγαλοπρεπείας
632 1627 704 1657 τῶν
743 1620 835 1656 κατὰ

152 1675 217 1718 τὰς
236 1674 424 1718 ὑποθέσεις
442 1675 681 1724 πραγμάτων,
719 1674 754 1710 ἐν
779 1671 836 1715 οἷς

152 1729 199 1763 τὰ
237 1727 306 1778 ἤθη
345 1730 405 1764 καὶ
445 1730 490 1765 τὰ
530 1727 725 1776 ἀξιώματα
761 1732 834 1762 τῶν

152 1782 358 1829 προσώπων
378 1783 592 1832 τετήρηκεν.
613 1785 725 1820 Cette
744 1783 836 1818 der—

153 1833 262 1869 niere
292 1834 419 1880 partie
449 1834 498 1869 de
517 1833 657 1878 l’eloge
678 1834 738 1867 est
761 1834 835 1866 tra-

154 1880 265 1917 duite
285 1882 308 1916 3
328 1892 407 1928 peu
428 1882 517 1927 pres
530 1879 836 1916 textuellement

157 1938 228 1974 par
241 1929 375 1970 Quint.
396 1939 402 1964 :
420 1929 625 1964 Personis
645 1928 692 1961 in
711 1936 836 1970 afflen-

155 1977 252 2010 do...
275 1977 551 2021 diynitatem.
574 1975 628 2010 Le
652 1976 755 2009 reste
777 1974 838 2009 est

156 2022 258 2059 dans
277 2025 490 2059 materiae
512 2025 551 2058 et
570 2023 610 2058 13
628 2022 745 2058 suite.

205 2072 250 2105 Sz'
273 2072 483 2106 tenuisset
496 2072 684 2106 modum.
699 2068 835 2111 Quint.

158 2120 218 2153 est
232 2117 269 2153 13
281 2118 367 2154 seul
383 2118 452 2153 des
467 2118 632 2154 anciens
647 2116 717 2163 qui
732 2116 838 2150 fasse

159 2175 223 2200 ces
278 2165 527 2201 restrictions
563 2174 666 2211 pour
712 2162 840 2198 Stesi-

159 2212 291 2248 chore.
326 2213 388 2248 Cf.
422 2212 612 2248 toutefois
642 2211 838 2246 HERMOG.

160 2265 210 2299 de
228 2266 292 2300 Id.
315 2265 418 2308 11‚4‚
437 2276 476 2312 p.
493 2265 587 2300 32:22
609 2260 841 2309 Στησίχορος

160 2313 307 2362 σφόδρα
335 2314 427 2364 ἡδὺς
459 2311 554 2350 εἶναι
574 2313 692 2360 δοκεῖ,
717 2312 778 2348 διὰ
796 2310 839 2347 τὸ

157 2366 312 2411 πολλοῖς
341 2368 500 2418 χρῆσθαι
526 2373 608 2409 τοῖς
640 2364 840 2412 {mee-:0243

159 2428 202 2453 ce
223 2419 293 2465 qui
313 2420 465 2466 repond
486 2429 596 2454 assez
628 2428 680 2453 au
702 2417 842 2452 defaut

159 2465 463 2503 d'exuberance.

204 2515 460 2559 :temularig
486 2524 583 2549 avec
603 2511 764 2548 l’accus.
790 2521 842 2546 ou

159 2571 256 2597 avec
277 2562 312 2597 le
327 2562 450 2607 (13111,
468 2562 518 2597 cf.
538 2561 607 2596 122
622 2562 659 2595 et
673 2559 713 2594 13
731 2561 839 2594 11013.

206 2610 251 2644 Si
273 2611 526 2645 tenuisset...
546 2609 755 2653 potuisse.
790 2606 841 2642 cf.

158 2654 206 2690 98
235 2659 274 2692 et
314 2657 355 2692 la
390 2659 496 2692 note.
531 2654 750 2691 L’infinitif
789 2653 843 2688 du

159 2705 310 2748 parfait
329 2715 353 2739 a
371 2704 423 2739 ici
447 2704 483 2739 le
504 2714 596 2739 sens
618 2701 843 2738 condition-

162 2751 226 2786 nel
249 2762 257 2795 ;
297 2751 546 2787 hellenisme.
582 2770 626 2775 —
667 2749 837 2793 repreh.

162 2799 306 2843 copiae
353 2799 527 2834 vicium.
573 2797 631 2833 La
675 2795 845 2832 seconde

288 2893 428 2934 Quum,
449 2892 538 2933 L113.‚
556 2891 598 2923 X.

924 885 1024 921 artie
1059 884 1106 920 de
1140 883 1179 920 13
1211 885 1361 932 phrase
1394 887 1585 924 restreint

912 944 934 968 3
952 934 1090 980 portee
1109 932 1156 968 de
1177 932 1217 967 13
1237 936 1447 980 premiere.
1476 935 1555 971 Car
1572 945 1580 971 ε

888 983 1016 1025 pejus
1036 981 1152 1015 illud
1179 981 1372 1027 (vitium)
1395 984 1508 1029 quod
1531 993 1584 1018 est·

894 1030 1045 1073 inopia
1083 1037 1215 1072 quam
1247 1032 1360 1074 quod
1387 1041 1440 1066 eac
1461 1032 1584 1075 copia

895 1077 1026 1111 venie.
1049 1074 1105 1109 id.
1128 1075 1181 1116 ΙΙ,
1205 1076 1241 1118 4,
1262 1077 1297 1112 4.

939 1123 986 1159 63
1001 1124 1182 1172 Alcaeus
1201 1123 1248 1159 de
1261 1124 1340 1161 l'ile
1349 1125 1398 1161 de
1417 1124 1585 1169 Lesbos,

894 1181 986 1206 vers
1021 1171 1090 1205 600
1126 1180 1188 1205 av.
1226 1171 1262 1207 J.
1288 1172 1348 1217 C„
1372 1172 1588 1208 combattit

894 1229 997 1266 pour
1017 1216 1348 1263 l'independance
1372 1220 1420 1255 de
1441 1231 1486 1255 sa
1508 1230 1587 1267 pa-

897 1266 971 1302 trie
992 1269 1030 1301 et
1060 1267 1199 1301 contre
1219 1265 1278 1302 les
1298 1267 1525 1303 Atheniens
1548 1270 1588 1303 et

896 1316 1033 1349 contre
1070 1311 1129 1348 les
1177 1315 1319 1358 tyrans
1357 1315 1586 1360 indigeneS‚

897 1362 959 1397 fut
981 1360 1096 1402 exile,
1117 1363 1255 1396 rentra
1275 1372 1324 1397 en
1347 1362 1463 1408 grece
1496 1362 1587 1409 pres

898 1409 952 1444 du
990 1419 1084 1454 sage
1123 1406 1306 1445 Pittacus
1346 1411 1386 1445 et
1422 1411 1588 1445 mourut

898 1456 999 1491 dans
1040 1466 1084 1490 sa
1103 1455 1266 1500 patrie.
1307 1456 1389 1492 Son
1421 1456 1587 1501 lyrisme

898 1503 1092 1550 participe
1112 1501 1159 1537 de
1179 1502 1409 1550 Pagitation
1431 1503 1479 1539 de
1514 1514 1587 1539 son

899 1551 1113 1586 existence.

946 1601 1084 1634 Aureo
1100 1597 1282 1639 plectro.
1305 1598 1412 1634 ΗΘΒ.
1437 1599 1510 1633 Od.
1533 1597 1586 1641 ΙΙ,

898 1646 958 1689 13,
982 1646 1052 1681 26:
1089 1650 1126 1681 te
1163 1649 1393 1681 sonantem
1408 1646 1588 1690 plenius

900 1703 1048 1737 aureo.
1083 1696 1252 1736 Alcaee,
1270 1694 1436 1737 plectro
1473 1694 1589 1727 dura

904 1742 1043 1783 navis,
1067 1743 1184 1777 dura
1205 1740 1336 1785 fuyae
1360 1741 1494 1782 mala,
1515 1741 1590 1775 du-

901 1799 953 1823 ra
974 1789 1087 1823 belli.
1111 1811 1158 1814 —
1179 1789 1404 1823 Plectrum
1446 1789 1508 1823 est
1534 1797 1590 1822 un

901 1844 986 1876 mot
1001 1851 1104 1886 grec.
1122 1838 1304 1887 πλῆκτρον
1326 1856 1361 1870 ÷
1381 1839 1589 1874 bacillum

902 1890 1256 1932 oupulsabulum.
1267 1886 1453 1927 Pindare,
1464 1886 1589 1929 Pych.

902 1935 934 1978 Ι,
956 1937 991 1977 ’1,
1028 1938 1138 1972 avait
1175 1936 1307 1972 donne
1343 1934 1367 1969 3
1387 1932 1589 1980 Apollon:

902 1984 1043 2036 χρυσέα
1064 1984 1257 2035 φόρμιγξ..

958 2039 1195 2081 Tyrannos.
1230 2036 1286 2072 ib.
1319 2034 1387 2070 31:
1417 2043 1593 2079 pugnas

905 2088 945 2119 et
965 2088 1138 2120 exactos
1163 2089 1375 2129 tyrannos
1407 2083 1593 2117 densum

905 2133 1102 2168 humeris
1133 2133 1237 2167 bibit
1278 2140 1386 2165 aure
1421 2130 1591 2173 vulqus.

905 2179 1082 2215 Strabon
1122 2179 1233 2222 XIII,
1255 2178 1277 2213 2
1296 2177 1429 2212 donne
1447 2175 1483 2211 13
1502 2176 1594 2211 titre

906 2226 954 2261 de
989 2236 1053 2261 ces
1092 2228 1257 2274 poemes
1294 2223 1588 2271 patriotiques:

908 2276 1232 2314 Στασιωτικά.ΟῙ’.
1256 2276 1364 2312 HOR.
1388 2276 1460 2310 Od.
1483 2274 1516 2317 Ι,
1531 2273 1592 2317 32,

954 2376 1171 2410 Moribus:
1192 2371 1346 2408 traduit
1373 2370 1421 2406 de
1439 2369 1593 2414 Denys‚

908 2438 973 2474 op.
994 2427 1059 2462 cit.
1082 2428 1128 2463 ὃς
1161 2421 1231 2470 πρὸ
1267 2420 1435 2456 ἁπάντων
1457 2418 1500 2454 τὸ
1522 2422 1596 2454 τῶν

907 2476 1103 2512 πολιτικῶν
1143 2474 1369 2524 πραγμάτων
1413 2468 1504 2521 ἦθος
1546 2491 1596 2497 -

909 2530 956 2563 in
979 2528 1258 2573 eloquenda..
1281 2526 1432 2560 brevis.
1448 2523 1498 2558 cf.
1512 2521 1566 2556 id.
1586 2531 1594 2556 ε

908 2576 950 2613 τὸ
992 2575 1226 2627 μεγαλοφυὲς
1263 2574 1323 2611 καὶ
1362 2571 1497 2622 βραχὺ,
1537 2575 1598 2609 καὶ

907 2629 979 2680 ἡδὺ
1004 2631 1096 2680 μετὰ
1117 2628 1334 2677 δεινότητος
1356 2647 1400 2654 -—
1426 2627 1597 2686 oratori

909 2688 1104 2728 similis;
1141 2687 1195 2721 ih.
1235 2681 1278 2717 τὸ
1313 2678 1446 2728 μέτρον
1481 2688 1536 2718 τις
1568 2686 1599 2711 Ξῑ

908 2736 1084 2784 περιέλοι,
1116 2735 1311 2785 ῥητορικὴν
1334 2731 1376 2766 ἄν
1406 2729 1510 2778 εὕροι
1528 2740 1599 2765 πο-

909 2789 1060 2827 λιτείαν.

1458 2880 1492 2912 3.
