1997 3231
825 200 1063 244 —147—

212 303 297 355 ipsa
318 303 420 342 serie
439 303 548 342 velut
577 304 693 355 duce,
716 307 877 355 propter
909 304 1014 354 quod
1045 304 1230 342 homines
1265 304 1385 342 ctiam
1406 301 1561 342 modice

213 369 416 408 exercitati
472 369 660 408 facillime
707 373 887 407 tenorem
933 369 975 406 in
1032 369 1330 408 narrationibus
1384 373 1558 408 servant.

212 433 380 481 Deinde,
405 434 501 486 quid
521 447 679 485 quoque
699 434 782 473 loco
802 438 1012 484 quaerant,
1038 434 1179 484 scient,
1202 447 1275 473 nec
1295 435 1563 486 circumspec-

214 500 359 538 tabunt
373 513 446 539 nec
466 501 724 539 offerentibus
745 513 787 539 se
813 500 974 539 aliunde
997 500 1183 538 sensibus
1203 501 1476 539 turbabuntur
1490 513 1563 539 nec

218 566 465 605 confundent
490 579 538 604 ex
571 566 738 605 diversis
767 567 987 605 orationem
1016 566 1124 604 velut
1151 566 1337 605 salientes
1368 567 1447 605 huc
1470 567 1564 604 illuc

218 644 292 669 nec
312 644 484 682 usquam
514 632 758 670 insistentes.
794 632 1002 670 Postremo
1034 631 1242 669 habebunt
1269 632 1434 670 modum
1461 637 1500 671 et
1521 634 1563 671 fi-

219 709 327 745 nem,
350 697 418 748 qui
442 710 530 736 esse
564 698 663 736 citra
698 697 935 736 divisionem
956 697 1095 735 nullus
1118 701 1260 748 potest.
1284 697 1463 748 Expletis
1496 711 1567 749 pro
1623 698 1647 737 7

220 762 408 801 facultate
426 763 630 815 omnibus,
659 776 761 815 quae
788 763 1084 815 proposuerint,
1114 763 1344 814 pervenisse
1372 776 1415 802 se
1434 764 1483 802 ad
1504 764 1567 802 ul-

220 831 366 878 timum
388 829 575 868 sentient.

273 904 323 942 Et
351 904 450 943 haec
470 904 633 955 quidem
653 918 702 943 ex
733 908 833 955 arte,
869 904 936 943 illa
956 917 1048 943 vero
1080 917 1129 943 ex
1150 904 1298 943 studio.
1334 905 1387 945 Ut
1416 906 1572 958 copiam

223 969 419 1008 sermonis
441 970 596 1021 optimi,
619 971 963 1021 quemadmodum
991 974 1250 1021 praeceptum
1271 974 1345 1023 est,
1368 983 1573 1022 compare-

222 1047 329 1084 mus,
352 1035 479 1073 multo
499 1049 544 1074 ac
565 1036 672 1074 fideli
693 1036 781 1074 stilo
803 1037 859 1075 sic
887 1037 1083 1074 formetur
1102 1036 1239 1085 oratio,
1263 1039 1308 1074 ut
1330 1037 1572 1088 scriptorum

223 1100 395 1138 colorem
429 1101 547 1139 etiam
580 1114 682 1152 quae
720 1101 852 1140 subito
884 1102 1010 1140 effusa
1047 1101 1129 1139 sint
1163 1101 1348 1151 reddant,
1386 1106 1446 1152 ut,
1481 1115 1576 1141 cum

224 1166 351 1205 multa
372 1166 666 1218 scripserimus,
691 1167 811 1206 etiam
831 1168 957 1206 multa
978 1167 1174 1206 dicamus.
1201 1167 1305 1206 Nam
1326 1169 1575 1207 consuetudo

224 1235 263 1270 et
282 1232 509 1271 exercitatio
535 1233 766 1271 facilitatem
786 1233 961 1272 maxime
989 1233 1093 1284 parit
1112 1246 1119 1271 :
1152 1246 1254 1284 quae
1275 1234 1308 1271 si
1328 1234 1496 1284 paulum
1515 1234 1576 1272 in-
1631 1234 1657 1271 8

225 1297 411 1336 termissa
430 1298 565 1346 fuerit,
587 1311 668 1336 non
688 1298 874 1337 velocitas
902 1299 969 1337 illa
990 1298 1107 1337 modo
1129 1299 1325 1350 tardatur,
1349 1299 1419 1337 sed
1442 1299 1577 1350 ipsum

225 1375 268 1401 os
287 1363 364 1402 coit
387 1367 506 1414 atque
534 1364 751 1402 concurrit.
775 1364 1031 1415 Quamquam
1058 1365 1168 1403 enim
1200 1377 1300 1416 opus
1319 1368 1380 1403 est
1402 1364 1577 1403 naturali

274 1464 437 1499 Modice
447 1464 692 1499 emercitati.
704 1464 912 1500 Re'flexion

228 1510 428 1557 analogue
456 1510 548 1557 plns
570 1511 683 1555 haut,
706 1512 742 1554 3,
762 1512 832 1547 16:
850 1513 912 1547 sic

229 1560 348 1594 nobis
385 1561 424 1594 et
465 1560 600 1594 initia
639 1563 676 1594 et
714 1569 820 1604 quae
853 1569 913 1595 se-

230 1609 430 1652 quuntur
458 1609 623 1642 natura
644 1607 739 1651 ipsa
756 1617 914 1651 praes—

230 1655 370 1697 cribit,
394 1655 471 1689 etc.

279 1702 438 1744 Scient‚
452 1701 488 1737 10
503 1701 648 1748 pluriel
670 1702 786 1748 apres
801 1703 914 1746 quis-

231 1750 351 1794 qui83
376 1751 519 1785 aniene
541 1760 615 1796 par
639 1751 834 1785 homines
855 1749 914 1784 in-

233 1796 406 1843 terpose.

280 1845 499 1879 Sensibus.
522 1844 584 1880 Cf.
611 1844 649 1888 3,
669 1845 741 1881 33;
761 1845 916 1890 optimi

232 1901 381 1926 sensus
399 1893 436 1926 et
457 1891 498 1927 la
517 1895 624 1928 note.

279 1940 345 1973 Eae
363 1940 563 1975 diversis.
587 1939 835 1986 Expression
851 1939 918 1974 ad-

233 1985 441 2032 verbiale3
486 1986 579 2033 plus
618 1987 918 2033 frequemment

235 2043 289 2068 eoe
334 2035 527 2076 diverso,·
576 2035 598 2069 a
648 2035 854 2070 rattacher
898 2046 920 2069 a

236 2080 522 2125 confundent.
545 2081 600 2116 Ils
627 2081 920 2117 n'embrouille-

237 2131 329 2163 ront
348 2139 422 2174 pas
445 2128 481 2163 le
509 2129 691 2164 discours
713 2140 761 2165 en
784 2140 808 2173 y
834 2131 922 2164 1110-

237 2175 326 2210 lant
341 2175 412 2210 des
436 2176 758 2212 considerations
792 2177 921 2211 etran-

238 2223 407 2268 geres...
446 2223 508 2258 Cf.
540 2223 632 2269 plus
660 2223 773 2264 haut,
794 2223 830 2267 5,
851 2223 919 2259 23:

239 2280 320 2315 quo
342 2271 391 2316 fit
426 2273 519 2305 ut...
551 2270 701 2315 priora
734 2271 924 2317 confun-

240 2319 379 2360 dant;
400 2322 438 2353 et
450 2318 487 2360 3,
508 2318 567 2353 32.

288 2365 408 2400 Citra
423 2366 698 2401 divisionem.
715 2366 791 2402 Sur
811 2367 925 2402 citra

241 2423 294 2447 au
316 2422 408 2448 sens
435 2412 483 2448 de
518 2414 628 2457 sine,
648 2413 699 2449 cf.
727 2415 763 2458 1,
784 2413 808 2449 2
828 2415 866 2449 et
886 2413 926 2448 la

242 2462 349 2495 note.

289 2508 324 2543 7.
349 2509 463 2546 Quae
478 2509 814 2552 proposuerint;
832 2519 929 2544 avec

245 2555 439 2590 omission
461 2556 508 2591 de
540 2557 622 2590 sibi
653 2557 885 2602 appartient
906 2557 929 2591 3

244 2601 285 2637 la
304 2602 464 2638 latinite
493 2603 541 2639 de
577 2603 768 2649 l'empire.
800 2603 860 2639 Cf.
880 2604 927 2648 V,

245 2649 305 2690 10,
328 2650 397 2686 109
415 2660 422 2685 :
446 2661 516 2686 nec
538 2651 686 2686 minus
705 2651 752 2686 in
775 2652 849 2687 hoc
863 2661 930 2687 eu-

246 2707 323 2732 rae
347 2698 465 2732 debet
480 2699 692 2741 adhiberi,
713 2700 818 2743 quid
828 2708 932 2744 pro-

244 2747 509 2788 ponendum,
550 2755 682 2790 quam
723 2747 932 2790 quomodo

251 2792 311 2826 sit
331 2793 444 2836 quod
459 2793 736 2836 proposueris
752 2794 934 2837 proban·

251 2840 370 2873 dum.
406 2841 650 2884 Proponere
691 2840 858 2887 indique
893 2840 933 2877 la

252 2886 526 2922 construction
572 2886 667 2921 d'un
704 2887 802 2934 plan
816 2898 828 2934 3
863 2898 931 2925 ew-

245 2934 367 2978 1)Ζονο
389 2943 462 2969 0011
491 2933 716 2969 execution.

1022 1466 1183 1501 Haec...
1213 1475 1266 1500 eoe
1298 1468 1408 1507 arte,
1438 1466 1573 1500 illa...
1606 1474 1660 1499 em

976 1514 1140 1548 studio.
1191 1512 1250 1547 La
1289 1512 1441 1547 theorie
1478 1511 1660 1558 s’appuie

978 1570 1047 1595 sur
1079 1560 1148 1596 des
1187 1560 1408 1607 preceptes,
1442 1559 1589 1595 l’etude
1619 1569 1661 1593 00

978 1608 1052 1642 fait
1080 1617 1153 1654 par
1175 1606 1216 1642 13
1248 1607 1448 1654 pratique.
1481 1608 1568 1642 Illa
1595 1606 1663 1642 de·

979 1655 1091 1701 signe
1107 1654 1164 1690 les
1186 1655 1383 1690 exercices
1405 1655 1538 1690 divers
1553 1664 1661 1689 ame-

978 1706 1050 1738 nes
1067 1713 1141 1749 par
1154 1705 1202 1737 ut
1218 1717 1260 1730 =
1279 1705 1515 1744 commenc,·
1543 1701 1661 1743 haee,

977 1749 1037 1785 les
1097 1747 1386 1796 prescriptions
1428 1749 1661 1796 theoriques

981 1797 1051 1844 qui
1068 1797 1295 1843 precedent.

1028 1846 1426 1883 Quemadmodum:
1446 1844 1547 1880 (13110
1568 1845 1661 1880 tout

981 1892 1017 1928 le
1037 1892 1090 1927 Xe
1112 1892 1224 1928 livre.

1038 1941 1086 1974 Ut
1122 1941 1401 1984 scriptorum.
1424 1939 1480 1975 Le
1521 1938 1668 1975 second

983 1990 1032 2022 ut
1053 1987 1212 2033 depend
1226 1987 1274 2022 de
1290 1989 1376 2029 sic,·
1396 1987 1434 2023 10
1447 1987 1665 2027 1101010100,

984 2039 1029 2070 ut
1051 2045 1150 2070 cum
1170 2037 1328 2076 multa,
1342 2035 1428 2070 doit
1448 2038 1569 2080 yetre
1589 2037 1668 2069 rat-

984 2082 1102 2117 1110110
1133 2082 1385 2127 egaleinent:
1420 2083 1568 2129 phrase
1603 2081 1670 2128 pe-

985 2129 1108 2165 1111310.
1144 2131 1418 2174 Scriptorzon
1449 2140 1501 2164 311
1527 2133 1669 2165 neutre

984 2187 1088 2224 pour
1144 2187 1293 2212 eorum
1347 2187 1458 2222 quae
1509 2177 1670 2222 scripta

986 2227 1136 2260 sunt...
1167 2245 1213 2249 —-
1234 2226 1432 2268 Colorem,
1464 2224 1515 2260 cf.
1549 2224 1585 2268 6,
1618 2224 1665 2258 5:

988 2273 1298 2316 exiemporalis
1316 2273 1429 2308 color
1450 2274 1489 2307 et
1507 2271 1548 2306 13
1562 2273 1668 2306 note.

1034 2320 1200 2363 Effusa.
1249 2320 1309 2355 De
1354 2322 1499 2362 meme,
1537 2318 1574 2362 3,
1602 2319 1669 2353 17:

988 2370 1250 2411 componunt
1277 2376 1386 2412 quae
1421 2368 1672 2410 effuderunt

987 2428 1029 2441 ==
1052 2413 1088 2449 10
1109 2414 1282 2450 resultat
1299 2413 1394 2449 d'un
1413 2414 1585 2461 premier
1599 2413 1669 2459 jet.

1036 2461 1072 2497 8.
1127 2463 1337 2497 Veloeicas
1378 2462 1470 2496 illa.
1512 2460 1568 2495 Le
1609 2459 1672 2494 de-

990 2511 1160 2545 monstr.
1182 2512 1243 2544 est
1263 2509 1523 2555 emphatique
1544 2516 1552 2542 ε
1572 2508 1673 2542 cette

991 2556 1164 2602 rapidite
1195 2567 1272 2602 que
1304 2556 1385 2591 l’on
1408 2558 1503 2590 veut
1524 2553 1674 2600 acque-

992 2604 1047 2639 rir
1067 2615 1119 2639 ou
1139 2614 1216 2651 que
1236 2603 1317 2638 l'on
1340 2614 1363 2638 3
1388 2602 1565 2648 acquise.

1041 2652 1135 2687 Os...
1168 2651 1433 2687 concurrit...
1451 2649 1512 2684 Cf.
1541 2648 1607 2691 XI,
1635 2647 1672 2688 3,

992 2698 1038 2735 56
1055 2703 1137 2734 :est
1154 2699 1260 2734 aliis
1282 2707 1519 2733 concursus
1531 2697 1619 2731 oris
1635 2699 1675 2730 ec

994 2756 1093 2781 cum
1131 2747 1268 2781 verbis
1296 2746 1389 2780 suis
1427 2743 1675 2783 colluctatio

995 2795 1035 2828 et
1054 2793 1126 2833 XI,
1157 2793 1193 2828 3.
1216 2793 1311 2827 121:
1344 2792 1411 2826 his
1450 2792 1674 2833 accedunt,

995 2841 1102 2876 vitio
1124 2850 1210 2875 non
1231 2842 1420 2874 naturae
1441 2840 1515 2874 sed
1541 2839 1678 2882 trepi-

995 2888 1204 2930 dationis,
1253 2896 1352 2923 cum
1391 2888 1677 2922 concurrente

992 2945 1063 2970 ore
1094 2935 1287 2970 rioeari...
1321 2948 1335 2965 «
1365 2934 1416 2970 Os
1439 2933 1677 2978 concurrit,
