1997 3231
153 279 322 329 gratiam
343 290 465 330 prope
485 278 566 317 sola
591 278 748 326 retinet,
789 281 876 315 tum
897 274 1208 314 facundissimae
1229 272 1424 311 libertatis
1444 276 1502 310 est

154 347 194 382 et
230 343 271 381 in
306 342 548 381 insectandis
580 342 688 380 vitiis
709 342 938 393 praecipua,
961 340 1183 391 plurimum
1203 341 1338 376 tamen
1358 337 1504 376 virium

153 407 273 446 etiam
294 408 336 445 in
357 407 500 445 ceteris
521 406 703 457 partibus
724 405 860 444 habet.

917 405 1022 443 Nam
1043 406 1082 441 et
1101 402 1266 452 grandis
1286 405 1324 440 et
1343 401 1504 451 elegans

153 476 192 511 et
214 476 396 521 venusta,
433 475 472 510 et
498 471 631 510 nescio
658 484 709 510 an
734 471 832 520 ulla,
856 474 944 522 post
965 469 1187 507 Homerum
1209 470 1360 515 tamen,
1382 478 1503 517 quem

155 542 200 576 ut
220 538 405 576 Achillen
426 549 584 588 semper
604 537 731 588 excipi
754 549 826 588 par
846 539 920 586 est,
941 539 1010 574 aut
1031 533 1199 572 similior
1211 533 1262 570 sit
1281 532 1504 572 oratoribus

155 607 224 642 aut
263 603 312 641 ad
353 606 528 641 oratores
562 602 764 640 faciendos
797 601 943 653 aptior.

1007 599 1151 638 Plures
1183 598 1270 649 ejus
1307 601 1504 648 auctores,

156 668 578 719 Aristophanes
611 671 746 706 tamen
778 671 817 706 et
850 665 1083 718 Eupolis
1116 663 1506 716 Cratinusque

155 798 292 840 Prope
312 797 417 832 sola.
440 796 498 831 La
527 796 755 832 restriction
774 799 835 833 est

156 844 392 883 necessaire.
412 854 479 879 car
494 843 554 879 les
565 844 701 890 greces
716 855 767 891 pu
775 855 836 880 res

157 891 204 927 de
236 891 464 927 l'atticisme
499 902 539 927 se
579 894 840 927 rencontrent

155 950 208 974 au
237 941 366 975 meme
389 939 522 985 degre,
547 940 721 986 quoique
743 950 839 975 avec

154 997 210 1022 un
243 990 357 1022 autre
397 987 611 1030 caractere,
654 987 747 1023 chez
779 986 838 1023 les

155 1036 351 1069 orateurs.

201 1083 460 1117 Libertatis:
483 1081 532 1117 cf.
556 1082 602 1117 94
618 1085 656 1117 et
674 1081 714 1116 13
729 1082 836 1117 note.

153 1133 207 1169 Ce
228 1136 313 1169 mot
334 1134 486 1169 traduit
506 1131 707 1180 παρρησία,
734 1133 774 1169 13
795 1133 839 1168 li-

153 1182 265 1217 berte
283 1181 330 1217 de
353 1184 441 1217 tout
461 1182 558 1225 dire,
585 1182 632 1218 de
652 1191 840 1218 censui-er

155 1232 195 1264 et
215 1229 262 1264 de
284 1231 526 1265 caricaturer
558 1241 653 1265 sans
675 1229 840 1265 restric-

156 1276 256 1312 tion.
291 1276 352 1312 Cf.
388 1276 524 1313 Isoen.
564 1279 615 1313 de
638 1279 740 1312 Pac.
760 1276 836 1312 14:

157 1325 228 1373 ἐγὼ
263 1322 390 1361 δὀἷδα
411 1324 474 1374 μὲν
510 1324 618 1364 ὅτι...
655 1326 840 1375 δημοκρα-

156 1379 235 1421 τίας
276 1379 390 1428 οὔσης
428 1379 495 1416 οὐκ
531 1379 608 1416 ἔστι
654 1378 840 1428 παρρησία

154 1431 297 1482 πλὴν...
321 1432 356 1468 ἐν
375 1438 426 1478 τῷ
448 1431 587 1481 θεάτρῳ
609 1439 690 1476 τοῖς
703 1445 840 1481 κωμῳ-

158 1484 471 1527 διοδιδασκάλοις.
516 1490 567 1526 Et
587 1490 710 1525 MARC
731 1490 837 1524 ΑΗΒ.

157 1542 229 1578 XI.
269 1543 292 1577 6
318 1552 325 1577 ζ
365 1541 386 1588 ἡ
429 1540 564 1590 ἀρχαία
600 1538 837 1587 κωμῳδία...

155 1591 428 1641 παιδαγωγικὴν
445 1593 649 1642 παρρησίαν
665 1591 837 1642 ἔχουσα..

213 1644 354 1678 Vitiis.
374 1644 424 1679 cf.
448 1645 554 1680 HOR.
586 1647 675 1679 Sat.
699 1644 729 1687 I,
752 1643 787 1685 4,
803 1644 835 1678 1.

155 1692 332 1734 Eupolis
351 1696 480 1736 alque
512 1693 718 1727 Cratinus
740 1691 841 1725 Ari-

157 1739 471 1783 stophanesque
511 1743 665 1783 poetae
704 1741 840 1782 Atque

156 1787 254 1828 alii,
266 1796 450 1830 qaorum
463 1787 841 1830 comoediaprisca

158 1835 353 1868 virorum
389 1837 451 1869 est
468 1861 477 1870 .
520 1835 565 1868 Si
611 1835 710 1878 quis
746 1836 841 1868 erat

158 1882 319 1925 digynus
341 1882 540 1924 describi,
564 1882 676 1926 quod
698 1882 841 1916 malus

157 1938 208 1963 ac
239 1929 329 1973 far,
364 1930 480 1967 ancl
509 1929 707 1964 moechus
729 1928 842 1972 foret

158 1978 238 2010 aut
256 1977 446 2011 sicarius
465 1979 545 2011 aut
569 1976 738 2019 alioqui
759 1977 842 2010 Fa-

160 2033 317 2066 mosus,
354 2025 496 2059 mulia
518 2033 617 2059 cum
642 2024 841 2058 libertate

161 2072 384 2106 notabant.

215 2135 416 2169 Venusia.
452 2134 589 2176 Quint.
619 2134 687 2169 VI.
715 2133 752 2176 3,
781 2133 840 2169 182

160 2181 301 2217 definit.
334 2181 439 2216 ainsi
469 2192 511 2217 ce
538 2183 646 2216 mot:
678 2182 843 2216 Venus-

163 2233 254 2263 iam
289 2239 376 2264 esse
411 2230 522 2273 qaod
554 2239 652 2264 cam
692 2229 842 2271 qratia

161 2276 353 2321 quadam
389 2280 427 2311 ec
463 2286 615 2311 venere
650 2277 840 2318 dicatur,

161 2327 356 2367 apparet.
380 2323 440 2359 On
461 2326 557 2370 peut
579 2333 764 2358 ramener
779 2333 842 2358 ces

162 2371 259 2406 trois
305 2370 567 2417 qualititatifs·
614 2380 695 2405 aux
745 2370 842 2405 trois

160 2429 302 2463 genres
323 2418 370 2453 de
391 2417 510 2463 style,
533 2418 676 2453 definis
697 2427 770 2464 par
784 2417 842 2452 les

162 2465 367 2501 rheteurs:
410 2466 595 2510 §randis
618 2464 769 2511 repond
790 2475 840 2499 au

161 2512 266 2557 style
310 2512 483 2548 sublime
512 2523 521 2557 3
571 2514 746 2556 eleyaiis
791 2522 841 2546 au

163 2560 266 2606 style
294 2560 409 2595 sseuri
448 2571 499 2595 ou
536 2560 738 2605 tempere;
780 2569 842 2594 2:3-

164 2610 296 2642 musta
318 2618 369 2642 au
391 2607 495 2650 style
516 2606 674 2654 simple.
712 2606 774 2641 Cf.
796 2606 843 2641 44

163 2657 202 2690 et
221 2654 292 2690 108
311 2665 408 2690 avec
427 2654 486 2690 les
507 2656 635 2689 notes.

220 2703 313 2736 Ulla
326 2712 420 2737 sans
436 2701 677 2744 substanti&
691 2701 736 2742 Q.
754 2710 843 2735 son-

166 2749 272 2795 geait
292 2760 387 2784 sans
405 2749 525 2784 doute
547 2760 569 2783 3
589 2749 725 2792 poesis
747 2747 844 2793 qu'il

166 2796 270 2831 n'em
303 2796 379 2831 loie
399 2807 472 2842 pas
508 2796 754 2838 volontiers3
783 2795 837 2831 cs.

166 2843 212 2881 28
223 2846 261 2880 et
294 2854 317 2879 a
332 2847 434 2881 note.
449 2865 495 2869 —
508 2845 660 2880 Nescio
675 2852 733 2878 an
750 2843 844 2878 ulla

902 798 963 832 est
992 795 1177 831 different
1208 795 1255 830 de
1285 805 1344 830 an
1366 796 1493 831 nulla
1511 807 1525 837 ‚·
1544 795 1585 831 13

901 844 1096 890 premiere
1111 842 1284 878 formule
1299 844 1360 878 est
1377 842 1475 878 celle
1487 843 1582 879 d'un

903 892 1024 927 doute
1043 890 1200 933 absolu,
1223 889 1263 925 13
1280 890 1449 925 seconde
1464 890 1584 927 d'une

903 938 1153 974 affirmation
1198 937 1378 973 adoucie.
1416 938 1466 974 V.
1524 938 1578 975 K.

902 987 1008 1028 1020,
1026 989 1050 1022 5
1070 988 1108 1021 et
1129 985 1233 1021 suiv.

958 1036 1007 1070 Ut
1045 1034 1256 1069 Achillen.
1289 1033 1401 1068 Hom.
1436 1033 1489 1068 Il.
1529 1032 1583 1077 II,

901 1087 971 1123 673
989 1097 996 1122 :
1023 1081 1178 1130 Νιρεός,
1218 1079 1258 1124 ὃς
1278 1081 1472 1124 κάλλιστος
1493 1083 1584 1131 ἀνὴρ

902 1135 971 1172 ὑπὸ
993 1135 1111 1172 Ἴλιον
1132 1132 1220 1185 ἦλθε
1242 1137 1328 1172 Τῶν
1362 1134 1482 1170 ἄλλων
1504 1137 1586 1171 Δα-

901 1196 1001 1226 ναῶν
1044 1187 1120 1238 μετ’
1156 1188 1332 1238 ἀμύμονα
1367 1187 1583 1237 Πηλείωνα.

950 1241 1213 1276 Oratoribus.
1254 1241 1278 1276 J
1282 1251 1302 1276 e
1321 1242 1462 1275 trouve
1483 1242 1585 1276 cette

902 1289 1112 1324 definition
1151 1288 1204 1323 du
1244 1287 1349 1334 style
1403 1287 1450 1322 de
1486 1287 1583 1323 l'an-

902 1337 1041 1372 cienne
1074 1335 1251 1372 eomedie
1284 1335 1377 1370 chez
1412 1345 1466 1370 un
1498 1335 1586 1370 rhe-

902 1393 991 1425 teur
1011 1399 1124 1435 grec:
1149 1383 1447 1432 λογοειδεστέρα·
1482 1383 1583 1420 τοῦτ’

902 1438 998 1474 ἔστιν
1031 1440 1052 1487 ἡ
1092 1436 1333 1486 κωμικωτὲρα
1374 1437 1434 1472 καὶ
1465 1450 1585 1486 προσ-

905 1489 1113 1541 βεβληκυῖα
1173 1490 1274 1540 λόγῳ
1339 1490 1435 1536 πεζῷ
1492 1491 1585 1527 κατὰ

904 1544 1083 1594 συνθήκην
1120 1548 1185 1592 (cf.
1221 1547 1326 1584 HOR.
1359 1548 1448 1582 Sat.
1483 1547 1516 1590 I,
1546 1547 1582 1592 4,

902 1603 983 1647 45),
1031 1595 1112 1633 ὅθεν
1151 1595 1246 1639 τινὲς
1291 1596 1350 1632 καὶ
1389 1597 1584 1645 ρητορικὴν

902 1651 1085 1700 ἔμμετρον
1098 1651 1163 1700 τὴν
1175 1649 1374 1698 κωμῳδίαν
1392 1649 1582 1687 ἐκάλεσαν.

904 1703 1040 1738 Ram.
1063 1702 1142 1739 Gn.
1180 1702 1226 1745 V,
1248 1712 1288 1748 p.
1310 1702 1393 1736 471.
1416 1721 1462 1726 —
1480 1701 1514 1736 Il
1535 1711 1584 1736 ne

904 1752 1035 1797 parait
1065 1761 1137 1797 pas
1169 1759 1246 1795 que
1266 1749 1433 1784 Ciceron
1454 1751 1493 1784 et
1511 1759 1584 1784 son

903 1801 1036 1844 temps
1066 1798 1177 1832 aient
1207 1797 1331 1842 songe
1365 1797 1389 1831 3
1420 1796 1516 1831 tirer
1536 1796 1584 1831 de

903 1845 940 1880 13
961 1845 1111 1880 lecture
1130 1845 1199 1879 des
1214 1844 1419 1890 comiques
1433 1843 1585 1878 d'aussi

905 1892 1080 1938 grandes
1112 1902 1338 1927 ressources
1371 1901 1474 1938 pour
1511 1890 1585 1925 l'e—

903 1940 1111 1986 loquence.
1146 1939 1252 1974 C’est
1269 1939 1310 1974 la
1329 1938 1516 1985 pratique
1537 1937 1584 1973 de

904 1988 941 2022 la
965 1987 1234 2023 declamation
1254 1986 1324 2032 qui
1341 1986 1399 2021 les
1414 1985 1586 2032 suggera

905 2036 928 2071 3
945 2035 1047 2081 l'age
1065 2035 1243 2070 suivant.
1260 2034 1307 2069 V.
1324 2033 1418 2080 plus
1436 2033 1509 2068 bas
1523 2033 1582 2068 71.

951 2082 1260 2126 Aristophanes
1282 2083 1355 2117 etc.
1387 2080 1464 2116 Les
1487 2080 1584 2115 trois

905 2131 1111 2176 comiques
1147 2140 1197 2165 ne
1240 2131 1332 2164 sont
1376 2138 1448 2175 pas
1487 2127 1584 2163 cites

906 2178 1008 2212 dans
1057 2177 1201 2212 l'ordre
1239 2175 1583 2221 chronologique3

904 2225 1023 2260 l'aine
1062 2226 1123 2259 est
1159 2224 1376 2267 Cratinus3
1416 2221 1585 2269 Eupolis

906 2276 966 2308 est
998 2271 1034 2307 le
1064 2271 1157 2318 plus
1186 2272 1320 2317 jeune,
1349 2270 1453 2305 mais
1473 2269 1524 2305 ils
1543 2280 1584 2304 se

906 2322 998 2354 sont
1035 2329 1190 2354 connus
1233 2320 1324 2354 tous
1359 2318 1470 2353 trois.
1507 2316 1585 2352 Les

905 2368 1046 2402 Nue'es
1085 2365 1398 2412 d'Aristophane
1448 2365 1585 2400 furent,

905 2414 1097 2449 vaincues
1134 2424 1186 2448 au
1218 2423 1412 2449 concours
1440 2422 1513 2459 par
1544 2411 1586 2446 13

905 2463 1117 2497 Bouteille
1138 2461 1186 2496 de
1206 2461 1398 2496 Cratinus
1418 2470 1467 2495 en
1499 2459 1582 2495 424.

906 2511 945 2544 et
965 2508 1133 2555 Eupolis
1151 2507 1356 2543 collabora
1377 2517 1458 2542 aux
1490 2507 1584 2541 Che-

907 2557 1068 2591 valiers
1124 2555 1374 2602 representes
1428 2553 1584 2588 l'annee

906 2604 1155 2650 precedente,
1178 2605 1304 2638 avant
1319 2602 1367 2637 de
1382 2611 1423 2636 se
1436 2599 1585 2636 hrouil-

906 2651 964 2687 ler
984 2662 1080 2687 avec
1101 2660 1174 2685 son
1195 2649 1506 2686 collaborateur.
1530 2646 1586 2682 Ce

907 2699 1065 2734 dernier
1090 2698 1218 2733 vivait
1253 2706 1392 2732 encore
1423 2705 1471 2729 en
1492 2693 1578 2730 386.

907 2746 966 2781 La
986 2744 1163 2780 comedie
1185 2745 1232 2779 de
1253 2745 1412 2778 Plutus
1435 2751 1586 2788 appar-

908 2795 1048 2828 tenant
1064 2804 1115 2827 au
1134 2801 1253 2837 genre
1265 2790 1312 2825 de
1328 2789 1366 2824 la
1386 2799 1585 2835 moyenne

907 2840 1085 2877 comedie
1104 2842 1161 2875 est
1184 2839 1230 2874 de
1249 2837 1336 2874 388.
