1997 3231
789 111 1027 154 -153-

197 216 238 257 in
257 218 451 268 carmine,
473 222 517 257 ut
532 218 742 269 Antipater
762 218 950 257 Sidonius
970 222 1008 257 ct
1030 218 1210 258 Licinius
1230 217 1422 256 Archias:
1447 230 1537 256 cre-

196 281 374 319 dendum
397 281 504 320 enim
526 280 704 319 Ciceroni
727 283 800 327 est,
819 292 897 318 non
918 281 1012 330 quia
1030 281 1175 318 nostris
1198 292 1356 330 quoque
1391 283 1543 331 tempo-

196 346 308 385 ribus
339 358 419 384 non
452 350 491 383 ct
521 345 687 383 fecerint
719 345 882 395 quidam
915 346 989 383 hoc
1008 350 1046 384 et
1067 346 1227 384 faciant.
1271 345 1385 391 Quod
1406 349 1541 383 tamen

195 421 274 446 non
295 409 429 459 ipsum
450 412 531 446 tam
552 407 755 459 probabile
777 411 871 458 puto
894 407 1041 460 (neque
1063 408 1173 446 enim
1193 408 1314 446 habet
1334 412 1403 446 aut
1418 420 1539 446 usum

195 486 260 513 res
282 477 351 511 aut
371 472 668 522 necessitatem)
687 485 809 523 quam
830 473 1090 511 exhortandis
1112 473 1152 510 in
1179 473 1284 511 hanc
1317 485 1444 524 spem,
1467 473 1540 523 qui

196 540 279 578 foro
300 543 607 590 praeparantur,
642 539 739 577 utile
768 539 1013 590 exemplum.
1055 540 1195 589 Neque
1228 552 1320 576 vero
1352 543 1461 577 tanta
1496 540 1548 578 sit
1575 539 1627 578 ΩΟ

196 614 390 652 umquam
424 601 570 639 fiducia
602 601 816 647 facilitatis,
856 606 900 639 ut
928 614 1007 639 non
1042 601 1160 639 breve
1195 601 1336 638 saltem
1370 605 1546 653 tempus,

196 667 301 717 quod
335 679 537 717 nusquam
562 667 644 704 fere
665 667 807 716 deerit,
830 667 879 704 ad
907 679 951 705 ea
973 679 1074 717 quae
1095 666 1240 704 dicturi
1262 678 1404 703 sumus
1424 666 1548 717 dispi-

196 731 335 770 cienda
377 744 600 778 sumamus,
633 732 737 782 quod
778 732 942 782 quidem
975 732 1017 770 in
1046 731 1211 782 judiciis
1244 744 1289 770 ac
1312 732 1395 770 foro
1429 733 1547 771 datur

197 808 383 847 semper:
420 808 550 846 neque
579 796 687 834 enim
716 796 932 846 quisquam
955 800 1030 846 est,
1054 796 1123 846 qui
1141 809 1304 834 causam
1324 809 1445 847 quam
1469 811 1547 836 non

195 860 380 898 didicerit
399 864 505 910 agat.
547 860 844 899 Declamatores
869 861 1063 911 quosdam
1088 873 1273 911 perversa
1294 861 1404 899 ducit
1423 861 1549 900 ambi-
1577 863 1626 902 21

195 926 264 975 tio,
298 930 342 964 ut:
381 926 558 976 exposita
593 926 865 964 controversia
898 926 1083 977 protinus
1116 926 1248 965 dicere
1276 927 1411 972 velint,
1453 928 1550 978 quin

194 991 328 1036 etiam,
364 991 470 1042 quod
498 995 558 1029 est
584 991 625 1029 in
663 991 804 1042 primis
838 991 1025 1029 frivolum
1047 1004 1092 1030 ac
1114 992 1359 1042 scaenicum,
1381 993 1549 1031 verbum

243 1081 475 1124 Antipater
508 1080 556 1115 de
598 1080 734 1121 Sidon,
769 1081 884 1125 poete

197 1127 448 1162 Alexandrin
470 1127 540 1174 qui
560 1128 680 1163 vecut
698 1138 789 1163 vers
803 1128 884 1163 l'an

197 1174 268 1211 135
289 1178 413 1210 avant
433 1175 468 1210 J.
492 1176 536 1210 C.
560 1175 594 1210 ΙΙ
614 1176 740 1210 existe
763 1175 810 1210 de
825 1175 884 1211 lui

194 1222 264 1257 des
314 1223 333 1257 e
365 1223 584 1268 igr-ammes
649 1223 883 1259 conservees

194 1269 295 1304 dans
362 1270 623 1314 'Anthotoyie
671 1281 876 1315 gyrecque.

194 1316 265 1352 Ses
314 1317 484 1353 facultes
532 1317 880 1364 d'improvisation

194 1364 344 1399 etaient
378 1364 565 1401 celebres.
590 1366 670 1400 Cic.
695 1367 745 1400 de
769 1369 879 1400 orat.

194 1411 266 1452 III,
288 1412 347 1452 50,
376 1412 470 1447 194:
504 1413 780 1452 Antipater...
824 1423 884 1448 so-

196 1460 302 1494 litus
324 1462 386 1494 est
420 1470 569 1495 versus
604 1461 881 1495 hexametros

194 1507 387 1551 aliosque
416 1508 555 1542 variis
581 1509 719 1542 modis
752 1511 882 1552 atque

194 1555 393 1589 numeris
444 1554 633 1599 fundere
678 1565 732 1590 eoe
783 1558 882 1590 tem-

188 1610 308 1645 pore,
334 1604 586 1647 tantumque
610 1603 802 1637 hominis
819 1603 883 1637 in-

192 1649 359 1692 yeniosi
405 1658 455 1684 ac
493 1650 697 1685 memoris
740 1651 883 1684 valuit

194 1697 461 1739 exercitatio,
479 1700 540 1737 ut,
565 1707 662 1732 eum
679 1707 722 1732 se
741 1701 882 1732 mente

194 1752 248 1778 ac
286 1744 510 1779 voluntate
545 1747 792 1788 conjecisset
835 1745 882 1779 in

195 1800 383 1833 versum,
418 1792 545 1826 verba
576 1795 881 1836 sequerentur.

194 1836 254 1872 Cf.
279 1837 394 1873 Piiix.
417 1840 468 1873 H.
492 1840 544 1873 N.
567 1839 729 1881 V11,52‚
753 1839 834 1874 172.

240 1885 438 1920 Archias.
472 1886 562 1922 (310.
601 1897 666 1930 pr.
697 1887 821 1922 Arc-h.
845 1886 881 1926 8,

194 1931 265 1967 18:
301 1934 467 1977 quoties
517 1943 588 1978 egyo
623 1935 737 1969 hunc
776 1935 882 1976 ridi,

194 1989 292 2015 cum
311 1981 505 2016 litteram
522 1983 765 2025 scripsisset
788 1983 884 2016 nul-

197 2030 301 2070 tam,
327 2037 537 2072 maynum
558 2039 793 2064 numerum
810 2039 885 2072 op—

199 2074 410 2109 timorum
446 2085 647 2110 versuum
671 2078 722 2111 de
741 2077 798 2111 iis
825 2077 885 2120 ip-

194 2122 254 2156 sis
273 2122 413 2164 rebus,
442 2133 552 2167 quae
588 2127 678 2157 tum
699 2133 885 2168 agyeren-

197 2171 283 2211 tur,
306 2170 449 2204 dicere
473 2180 525 2204 ea*
549 2173 751 2213 tempore.

240 2217 336 2250 Non
349 2217 499 2260 quia...
516 2227 661 2252 nomm..
682 2228 784 2263 pour
799 2227 884 2253 nort

195 2265 322 2307 quod,
388 2264 457 2309 qui
504 2267 565 2299 est
619 2264 883 2311 l’expression

195 2309 408 2356 classique,
440 2311 628 2347 c.-a.—d.:
659 2312 699 2357 je
738 2313 813 2347 cite
848 2311 885 2347 le

195 2357 448 2403 temoignage
489 2358 536 2393 de
565 2358 745 2401 Ciceron,
782 2359 884 2394 mais

189 2404 229 2450 Je
251 2407 436 2450 pourrais
460 2405 659 2451 invoquer
680 2406 790 2441 aussi
814 2406 883 2441 des

193 2452 396 2498 exemples
442 2453 781 2499 contemporains.
837 2474 884 2478 —

194 2499 410 2543 Quidam3
452 2510 547 2535 sans
589 2500 710 2535 doute
753 2500 881 2544 smne,

193 2556 287 2580 sans
321 2549 500 2592 compter
533 2547 709 2582 d'autres
745 2549 883 2594 poetes

192 2593 317 2628 restes
374 2593 607 2638 inconnus3
668 2597 883 2640 peut-etre

195 2639 411 2676 Remmius
443 2641 637 2676 Palemon
672 2642 742 2688 qui
764 2642 826 2677 fut
847 2644 882 2678 le

195 2689 340 2722 maitre
362 2687 409 2722 de
424 2688 559 2730 Quint.
582 2689 704 2724 SUET.
730 2690 880 2724 Gram.

190 2733 237 2768 ‘23
254 2744 261 2768 :
278 2739 483 2778 poemata
499 2736 686 2780 faciebat
709 2746 761 2771 esc
778 2739 878 2771 tem-

186 2791 304 2824 pore.
340 2782 448 2817 Pour
482 2782 596 2818 Stace
626 2793 666 2818 v.
701 2784 805 2818 silv.
842 2784 873 2828 Ι,

190 2828 328 2874 praef:
353 2829 426 2865 hos
458 2831 633 2874 libellos,
664 2832 739 2875 qui
763 2831 875 2866 mihi

947 1082 1083 1116 subito
1105 1083 1246 1117 calore
1267 1085 1307 1116 et
1338 1084 1530 1127 quadam
1552 1083 1633 1128 fes-

950 1130 1128 1163 tinandi
1156 1131 1374 1173 voluptate
1403 1132 1633 1175 fluxerunt

948 1178 987 1210 et
1007 1175 1080 1216 ΙΙΙ,
1102 1177 1238 1223 praef:
1265 1178 1470 1213 libellos...
1494 1180 1633 1214 subito

946 1226 1113 1259 natos...
1142 1224 1278 1265 Quint.
1308 1226 1441 1260 aur-ait
1460 1237 1513 1272 pu
1536 1226 1634 1261 citer

947 1281 1088 1306 encore
1127 1271 1162 1307 ie
1196 1271 1377 1307 Luc-flius
1422 1273 1631 1311 d’Horace.

947 1320 1036 1358 Sat,
1054 1318 1084 1359 Ι,
1099 1319 1135 1359 4,
1157 1319 1200 1354 0:
1221 1320 1267 1354 in
1291 1320 1396 1355 hora
1414 1331 1539 1364 saepe
1558 1323 1634 1355 du-

946 1369 1102 1406 centos,
1135 1369 1184 1401 ut
1218 1377 1443 1411 magynum,
1483 1378 1633 1404 versus

947 1414 1152 1456 dictabat,
1181 1417 1305 1449 stans
1326 1417 1434 1458 pecte
1460 1417 1506 1450 in
1531 1426 1630 1451 uno.

994 1462 1110 1499 Quod
1139 1480 1179 1492 =
1212 1461 1411 1505 facilitas
1446 1473 1500 1498 ex
1530 1467 1629 1499 tem-

940 1518 1044 1552 pore
1067 1509 1271 1544 carmina
1291 1510 1502 1555 fingendi.

994 1571 1051 1606 ΞΟ.
1074 1573 1220 1616 Neque
1241 1582 1362 1614 vera:
1399 1574 1629 1610 restriction

947 1629 1028 1653 aux
1051 1619 1222 1654 conseils
1245 1620 1315 1666 qui
1332 1621 1560 1666 precedent.
1582 1643 1628 1647 —

946 1667 1213 1709 facilitatis,
1269 1667 1391 1713 genit.
1451 1669 1627 1708 obiectis.

946 1712 1007 1748 Cf.
1041 1714 1075 1753 1,
1104 1713 1171 1749 89:
1210 1716 1317 1750 recti
1356 1717 1530 1759 yeizeris
1568 1727 1631 1753 vo-

949 1762 1182 1803 luntatem,
1205 1765 1243 1797 et
1261 1761 1300 1797 la
1321 1767 1428 1798 note.

994 1831 1054 1866 21.
1079 1832 1413 1868 Declamatores.
1444 1833 1505 1868 Cf.
1528 1835 1563 1876 1,
1584 1835 1628 1870 71

947 1880 985 1913 et
1005 1878 1044 1913 la
1062 1882 1154 1914 note
1176 1879 1199 1913 a
1219 1890 1261 1915 ce
1280 1883 1377 1915 mot.
1393 1901 1437 1906 —
1460 1882 1631 1917 Contro-

949 1927 1109 1967 versia,
1128 1926 1183 1962 ib.
1203 1927 1302 1962 TAC.
1322 1929 1435 1963 Dial.
1455 1928 1523 1964 35:
1542 1931 1630 1964 Duo

947 1983 1109 2017 yenera
1164 1977 1459 2010 materiarum
1511 1978 1630 2020 apud

948 2021 1141 2056 rhetores
1177 2025 1442 2066 tractantur,
1475 2034 1631 2059 suaso-

948 2069 1043 2103 riae
1065 2071 1105 2103 et
1126 2071 1458 2106 controversiae.
1487 2073 1553 2105 Ea*
1574 2073 1630 2106 iis

948 2117 1175 2151 suasoriae
1216 2118 1405 2161 quictem,
1433 2119 1631 2154 etsitam-

949 2172 1081 2206 quam
1111 2165 1247 2207 plane
1284 2166 1462 2201 leviores
1495 2169 1534 2200 et
1554 2167 1631 2200 mi-

950 2220 1034 2244 nus
1068 2212 1336 2253 prudentiae
1393 2215 1628 2257 ea'iyeiztes,

942 2258 1096 2300 pueris
1131 2259 1421 2303 deteyaiitu7⁴,·
1469 2264 1630 2296 contro-

949 2306 1113 2339 versiae
1161 2307 1474 2345 robustioribus
1517 2309 1631 2343 adsi-

946 2355 1141 2396 ynantur
1156 2355 1229 2388 etc.

994 2410 1236 2446 Frivotum.
1270 2411 1413 2446 Terme
1445 2411 1492 2447 de
1512 2412 1630 2447 basse

946 2455 1106 2492 latinite
1139 2468 1149 2501 3
1208 2458 1355 2493 Festus
1409 2458 1630 2505 l’explit‘Iue

947 2504 1078 2539 ainsi:
1113 2505 1288 2541 Frivola
1319 2508 1490 2549 proprie
1524 2516 1629 2541 vasa

945 2552 1103 2597 fictitia
1140 2562 1315 2596 quassa,
1360 2554 1474 2588 uncle
1511 2553 1629 2589 dicta

947 2599 1073 2633 verba
1111 2599 1272 2643 frivola
1317 2610 1427 2644 quae
1481 2601 1629 2636 minus

947 2648 1051 2680 sunt
1071 2647 1155 2691 fide
1176 2648 1379 2681 subnioea.

995 2693 1253 2728 Scaenicum
1274 2705 1288 2735 ,·
1338 2704 1386 2728 en
1422 2694 1631 2729 mauvaise

948 2743 1055 2785 part.
1095 2739 1158 2777 Cf.
1188 2740 1220 2780 Ι,
1249 2741 1307 2783 11.
1340 2740 1376 2783 3,
1405 2742 1456 2774 ou
1490 2742 1628 2783 Quint.

938 2787 1220 2822 recommande
1242 2788 1264 2821 a
1291 2787 1480 2822 l'orateur
1502 2788 1549 2823 de
1572 2799 1620 2825 ne

936 2843 1011 2879 pas
1047 2834 1181 2880 copier
1215 2844 1278 2870 ses
1314 2838 1446 2881 gestes
1478 2838 1517 2870 et
1557 2846 1620 2871 ses
