1997 3231
930 79 1166 120 —124—

414 188 492 227 que
526 177 703 216 inserere
723 179 878 229 oportet
893 191 1024 230 neque
1055 179 1218 219 differre
1238 184 1370 219 tutum
1393 185 1470 229 est,
1491 182 1583 233 quia
1605 183 1767 224 interim

413 242 642 293 elabuntur,
668 244 828 282 interim
852 245 1068 283 memoriae
1088 246 1149 284 sui
1172 246 1346 285 intentos
1373 247 1423 286 ab
1442 248 1518 287 alia
1541 249 1768 290 inventione

412 306 614 346 declinant
631 309 797 360 ideoque
818 310 966 361 optime
988 314 1081 348 sunt
1102 311 1142 349 in
1164 311 1356 362 deposito.

332 432 381 464 ut
404 434 545 465 mente
564 436 765 477 concepta
784 444 931 471 sssxsus
948 446 1019 470 vo-

331 487 546 521 caremus,
559 480 731 516 lumina
741 492 766 516 a
775 486 1019 527 zctemprae-

329 525 538 570 ctpueque
555 526 602 561 in
635 529 851 565 clausulis
869 532 1016 574 posita

331 582 598 609 SENTENTIA-s.
622 575 738 610 Ainsi
768 577 868 612 TAC.
901 579 1014 614 Diat.

329 618 397 654 23:
422 621 536 655 illud
560 624 686 656 tertio
708 634 868 670 qnoque
884 635 1014 660 sensu

332 692 340 700 .
363 693 372 702 .
390 677 467 709 pro
486 671 905 714 sententtaposttum
925 683 1014 708 esse

330 715 548 750 videatur.

378 762 615 798 Interim...
667 764 860 800 interim.
907 766 1012 802 Chez

328 808 465 851 Quint.
483 809 707 847 seulement
722 823 824 859 pour
838 815 1004 850 modo...

1084 439 1219 479 modo,
1243 436 1335 484 plus
1350 437 1538 485 fresment
1555 451 1632 487 que
1648 453 1766 479 nunc

1082 484 1227 530 repete.

1127 557 1230 590 Sui:
1252 557 1275 591 -ὲι
1304 557 1507 594 rattacher
1541 560 1564 595 ἐι
1587 571 1761 597 sensus:

1078 601 1283 649 lorsqu'on
1318 605 1544 654 s'applique
1578 609 1601 642 εἰ
1619 607 1677 643 les
1698 619 1765 645 re-

1079 650 1194 686 tenir.

1123 722 1176 755 In
1197 722 1399 765 deposito.
1422 722 1667 769 Expression
1683 733 1762 759 em-

1075 769 1244 813 prunteEe
1260 769 1280 803 ξι
1302 768 1342 803 la
1361 769 1510 816 langue
1521 770 1759 817 judiciaire3

1073 814 1146 851 ici:
1170 826 1218 851 en
1240 818 1413 861 leserve,
1435 828 1483 852 en
1508 820 1615 853 note.

1000 1363 1066 1402 IV.

453 1501 645 1554 Sequitur
677 1517 699 1543 e
714 1517 754 1542 m
769 1518 790 1543 e
805 1519 831 1544 n
846 1506 870 1544 d
885 1519 906 1545 a
923 1510 937 1545 t
953 1507 999 1545 io
1016 1539 1026 1556 ‚
1075 1520 1167 1559 pars
1200 1508 1428 1547 studiorum
1475 1508 1590 1557 longe
1624 1506 1753 1545 utilis-

319 1564 339 1603 1
398 1564 500 1603 sima
530 1578 537 1603 :

578 1579 708 1618 neque
743 1568 851 1607 enim
884 1570 970 1608 sine
1004 1583 1125 1610 causa
1156 1571 1356 1610 creditum
1399 1575 1459 1610 est
1495 1571 1636 1610 stilum
1671 1582 1752 1609 non

398 1629 534 1668 minus
552 1643 684 1682 agere,
717 1646 811 1671 cum
846 1634 964 1672 delet.
1001 1635 1133 1685 Hujus
1154 1639 1290 1674 autem
1323 1636 1454 1687 operis
1480 1640 1541 1674 est
1571 1635 1745 1684 adicere,

396 1694 622 1747 detrahere,
653 1702 824 1737 mutare.
863 1699 939 1738 Sed
974 1701 1131 1739 facilius
1163 1701 1274 1740 iniis
1307 1701 1611 1753 simpliciusque
1641 1699 1751 1750 judi-

396 1761 520 1811 cium,
542 1774 644 1812 quae
665 1763 855 1814 replenda
887 1766 947 1804 vel
983 1766 1189 1806 deicienda
1210 1771 1304 1805 sunt
1326 1779 1333 1804 :
1357 1779 1540 1818 premere
1573 1779 1665 1805 vero
1686 1770 1749 1804 tu-

395 1827 557 1872 mentia,
595 1829 765 1868 humilia
793 1831 995 1882 extollere,
1032 1832 1277 1871 luxuriantia
1309 1833 1575 1883 adstringere,
1598 1833 1747 1871 inordi-

361 1971 398 2007 1.
432 1972 655 2008 Creditum
684 1978 760 2011 est.
782 1975 844 2011 Cf.
879 1977 914 2020 1,
935 1976 995 2019 48,

315 2018 366 2052 ou
410 2029 508 2055 aveo
546 2020 671 2056 Halm
717 2032 820 2057 nous
871 2034 998 2059 avons

314 2065 460 2113 adopte
482 2066 521 2102 la
545 2067 659 2111 lecon
681 2071 879 2105 creditur
896 2082 999 2117 pour

314 2114 532 2149 creditum
571 2119 647 2159 est,
682 2117 752 2163 qui
796 2121 856 2153 est
895 2119 997 2154 dans

314 2160 510 2206 quelques
556 2163 631 2198 Ms.
677 2165 730 2199 Ce
762 2166 996 2212 passage—ci

313 2217 464 2254 prouve
498 2220 574 2256 que
607 2211 822 2247 creditum
856 2217 919 2249 est
947 2224 995 2249 ne

313 2254 470 2300 signifie
500 2267 573 2303 pas
599 2260 712 2295 tant:
749 2261 829 2294 t'on
856 2271 992 2305 acra,

311 2312 389 2348 que
410 2313 418 2337 z
440 2303 645 2347 l'opz'nton
668 2305 766 2342 s'est
798 2310 968 2344 acm-edi
984 2331 994 2336 -

311 2351 387 2384 tee.
434 2350 495 2386 On
535 2355 631 2398 peut
680 2353 717 2388 le
765 2355 994 2391 considerer

308 2407 463 2433 comme
489 2409 545 2434 un
577 2400 727 2446 pai-fait
758 2404 990 2450 gnomique,

310 2444 525 2490 designant
545 2457 600 2481 un
616 2447 690 2482 fait
709 2449 826 2493 passe
842 2451 941 2486 dont
954 2451 991 2486 le

309 2492 480 2528 resultat
500 2493 598 2529 dure
618 2505 771 2530 encore.

357 2538 465 2577 Cum
509 2542 650 2576 delet:
684 2542 817 2588 suppl.
855 2553 988 2587 quam

305 2597 404 2623 cum
425 2589 588 2623 scribit.
623 2589 681 2624 De
703 2592 832 2624 memo
859 2591 895 2632 1,
915 2590 985 2625 30:

298 2636 805 2679 potius.‚periculosus-0.
817 2637 839 2671 ἐι
851 2637 984 2684 suppl.

305 2692 437 2727 quam
475 2684 614 2718 utilis.
640 2704 684 2708 —-
717 2685 984 2728 Reptenda...

305 2730 562 2771 deiciencla;
596 2731 747 2766 variete
787 2731 985 2778 d'expres-

1062 1975 1150 2011 sion
1199 1985 1303 2023 pour
1337 1976 1621 2011 adicienda...
1669 1975 1746 2010 de-

1063 2023 1308 2065 trahenda‚·
1328 2023 1564 2068 metaphore
1576 2022 1674 2057 tiree
1695 2022 1744 2057 de

1060 2070 1174 2106 l'idee
1202 2071 1249 2105 de
1283 2070 1559 2106 nivellement.
1580 2069 1642 2106 Cf.
1674 2071 1743 2104 Di-

1058 2122 1164 2163 yest.
1198 2118 1323 2161 XLII,
1357 2118 1458 2159 1‚4:
1489 2119 1576 2162 leye
1610 2118 1742 2161 reple-

1061 2169 1134 2200 tur
1152 2167 1264 2210 quod
1296 2165 1533 2200 sententiae
1565 2166 1682 2199 deest
1703 2167 1742 2200 et

1057 2212 1131 2247 Ov.
1165 2214 1264 2248 Her.
1301 2212 1351 2254 X,
1384 2212 1456 2247 37:
1498 2213 1613 2251 Quod
1650 2212 1741 2247 voci

1058 2262 1224 2302 deerat,
1256 2261 1467 2304 planyore
1506 2259 1738 2302 replebam.

1104 2309 1324 2343 Premere.
1343 2307 1390 2342 V.
1406 2307 1442 2347 1,
1458 2307 1503 2341 46
1521 2309 1560 2341 et
1583 2305 1623 2341 la
1647 2309 1740 2341 note

1055 2365 1125 2390 sur
1148 2356 1285 2390 laetus
1305 2364 1356 2390 ac
1382 2364 1555 2402 pressus
1577 2356 1650 2388 etc.
1676 2353 1736 2388 Cf.

1054 2402 1161 2438 ΗΘΒ.
1186 2404 1275 2437 Sat.
1298 2403 1333 2444 1,
1350 2402 1409 2444 10,
1432 2402 1738 2436 691Detererec

1052 2451 1134 2484 sibe·
1180 2451 1336 2491 multa,
1371 2449 1584 2483 recideret
1610 2457 1736 2483 omne

1052 2498 1164 2541 quod
1198 2498 1320 2531 ultra
1353 2495 1604 2541 Perfectum
1641 2498 1738 2530 tra-

1052 2544 1241 2579 her-etur.

1098 2591 1369 2626 Inordtnata.
1398 2591 1431 2624 A
1465 2588 1658 2624 entendre
1687 2588 1735 2624 de

1050 2637 1313 2685 l'expression
1329 2640 1368 2672 et
1400 2647 1481 2671 non
1503 2636 1571 2671 des
1592 2637 1699 2671 idees
1721 2646 1732 2681 ;

1048 2685 1117 2727 IX,
1139 2685 1206 2727 IV,
1227 2686 1273 2720 :27
1293 2695 1301 2720 τ
1329 2684 1616 2729 felicissimus
1639 2694 1734 2718 ser-

1048 2742 1114 2767 mo
1133 2736 1196 2768 est
1229 2733 1300 2767 cut
1322 2734 1361 2766 et
1396 2734 1539 2766 rectus
1570 2732 1670 2766 ordo
1692 2733 1732 2765 et
