1997 3231
365 679 417 718 112
447 681 682 719 ficultatem.
740 679 823 717 Nec

971 123 1211 165 -114—

453 240 533 277 eos,
598 223 667 276 qui
703 225 826 263 robur
863 224 1023 275 aliquod
1061 224 1103 263 in
1141 224 1231 263 stilo
1268 222 1451 274 fecerint,
1502 222 1552 262 ad
1606 221 1808 263 infelicem

452 290 728 331 calumniandi
767 302 809 329 se
847 302 1017 342 poenam
1046 289 1265 341 alligandos
1304 293 1413 341 puto.
1454 289 1559 328 Nam
1592 301 1670 339 quo
1691 289 1808 328 modo

371 353 418 392 ‘ll
453 355 639 392 sufficere
673 352 816 391 officiis
865 352 1049 391 civilibus
1089 353 1226 404 possit,
1280 353 1350 403 qui
1389 351 1559 402 singulis
1602 352 1808 391 actionum

451 419 634 471 partibus
687 418 947 457 insenescat‘?
987 418 1089 457 Sunt
1128 422 1263 457 autem
1313 418 1461 468 quibus
1501 417 1602 456 nihil
1641 417 1693 456 sit
1735 429 1808 456 sa·-

450 486 526 535 tis;
568 484 703 524 onmia
749 488 933 534 mutare,
981 484 1116 523 onmia
1167 484 1283 522 aliter
1314 484 1448 522 dicere
1479 496 1601 535 quam
1634 483 1808 522 occurrit

448 551 573 589 velint
596 563 603 588 :
628 549 825 588 increduli
846 549 1011 599 quidam
1042 553 1101 588 'et
1138 550 1187 588 de
1226 549 1386 599 ingenio
1410 561 1481 587 suo
1514 549 1689 600 pessime
1726 561 1807 586 me-

447 616 528 667 riti,
569 615 639 666 qui
689 614 939 663 diligentiam
990 618 1134 665 putant
1179 615 1310 653 facere
1347 614 1423 652 sibi
1481 614 1686 653 scribendi
1734 613 1808 651 dif-

886 683 1119 730 promptum
1172 683 1233 718 est
1284 679 1437 731 dicere,
1492 683 1603 719 utros
1641 690 1806 731 peccare

446 746 616 784 validius
653 747 813 795 putem,
867 744 1016 794 quilius
1055 745 1190 784 omnia
1231 758 1304 784 sua
1359 744 1518 796 placent
1566 758 1619 785 an
1657 744 1805 796 quibus

445 810 562 848 nihil.
615 808 772 847 Accidit
815 808 925 846 enim
969 810 1091 848 etiam
1119 809 1336 859 ingeniosis
1362 810 1689 849 adulescentibus
1727 810 1806 847 fre-

443 878 627 926 quenter,
674 878 718 912 ut
761 873 896 912 labore
935 879 1227 913 consumantur
1264 879 1303 914 et
1341 876 1383 914 in
1422 875 1628 914 silentium
1676 887 1804 926 usque
1854 903 1857 906 -

442 939 688 978 descendant
729 939 855 978 nimia
904 939 1007 978 bene
1045 940 1204 979 dicendi
1246 941 1479 993 cupiditate.
1538 940 1626 988 Qua
1667 940 1716 979 de
1760 953 1804 979 re

442 1005 610 1044 memini
639 1017 826 1044 narrasse
858 1005 960 1044 mihi
992 1005 1144 1044 Iulium
1175 1006 1408 1045 Secundum
1441 1006 1572 1057 illum,
1594 1005 1804 1057 aequalem

442 1084 580 1110 meum
612 1074 732 1121 atque
763 1084 786 1110 a
829 1083 908 1121 me,
947 1075 992 1109 ut
1024 1075 1165 1110 notum
1204 1076 1279 1122 est,
1316 1072 1568 1111 familiariter
1604 1075 1801 1122 amatum,

440 1137 567 1175 mirae
617 1137 828 1176 facundiae
878 1136 1039 1187 virum,
1098 1137 1279 1176 infinitae
1332 1141 1468 1177 tamen
1514 1150 1650 1188 curae,

1705 1138 1803 1189 quid

357 1199 410 1239 13
438 1205 542 1240 esset
575 1201 651 1240 sibi
686 1213 709 1241 a
754 1205 896 1253 patruo
934 1213 1006 1240 suo
1044 1202 1212 1241 dictum.
1266 1203 1305 1242 Is
1346 1202 1423 1241 fuit
1464 1202 1592 1242 Iulius
1639 1202 1799 1253 Florus,

405 1341 599 1377 Robur...
622 1339 821 1386 fecerint.
850 1339 916 1376 Cf.
954 1339 1047 1387 plus

358 1388 473 1431 haut,
522 1388 570 1433 33
626 1389 740 1423 vires
795 1387 1047 1432 faciamus:

357 1436 473 1482 faire
489 1436 713 1479 provisum
735 1436 800 1470 de.

404 1483 648 1528 Infelicem.
662 1483 723 1518 Cf.
743 1483 779 1525 1,
796 1483 817 1517 7
833 1483 872 1518 et
885 1481 925 1517 la
938 1483 1045 1517 note.

357 1531 676 1567 Calumniandi.
705 1530 767 1567 Cf.
791 1530 826 1570 1,
855 1530 946 1565 115ῑ
984 1529 1048 1564 ni-

357 1580 448 1613 mia
484 1581 632 1614 contra
665 1588 708 1614 se
741 1578 975 1620 calumnia,
1006 1586 1047 1611 ce

355 1637 433 1672 que
480 1625 662 1669 Ciceron‚
696 1627 821 1660 Brut.
865 1625 926 1668 82,
977 1623 1048 1659 283

356 1673 454 1708 rend
470 1684 544 1720 par
565 1684 572 1708 :
596 1673 786 1708 nimium
820 1672 1048 1718 inquirens

356 1722 405 1756 in
434 1731 476 1756 se
508 1723 640 1766 atque
671 1721 760 1764 ipse
792 1730 882 1756 sese
913 1721 1048 1755 obser-

356 1778 478 1803 vans.

403 1827 461 1862 11.
487 1826 651 1873 Officiis
661 1827 886 1862 civilibus:
907 1825 964 1860 les
981 1824 1048 1859 de-

355 1874 464 1909 voirs
486 1874 665 1919 civiques
687 1874 741 1909 du
764 1876 909 1920 patron
931 1872 1048 1908 vis-a-

355 1922 418 1956 vis
457 1921 527 1956 (les
555 1921 712 1956 clients.
740 1921 802 1956 Cf.
837 1921 943 1955 ΗΘΒ.
971 1921 1046 1963 Ep.

355 1969 386 2009 I,
402 1969 438 2007 7¹.
457 1968 504 2003 8:
528 1968 767 2015 officiosa...
791 1967 995 2003 sedulitas
1008 1969 1050 2001 et

355 2017 495 2060 opella
532 2016 736 2060 forensis.
771 2015 833 2051 Cf.
874 2016 964 2050 Sat.
994 2014 1046 2054 ΙΙ,

353 2067 389 2107 6,
417 2063 485 2098 22:
520 2073 570 2098 ne
596 2064 723 2107 prior
754 2062 895 2110 officio
927 2063 1050 2107 quis-

355 2112 775 2156 quamresponcleat.
796 2110 1050 2145 —Denieme

357 2160 481 2193 SUET.
524 2159 609 2192 Tib.
634 2158 681 2194 8:
718 2158 919 2194 civilium
949 2156 1052 2204 Offi-

357 2206 526 2241 ciorum
548 2205 833 2241 rudimentis.

405 2254 429 2287 I
433 2253 645 2288 ›acredulis
671 2263 767 2289 sans
783 2252 988 2288 constance
1000 2261 1049 2287 en

356 2302 632 2335 eux-memes.

407 2348 587 2386 Quidam
617 2345 810 2382 restreint
831 2345 867 2381 16
885 2356 977 2384 sens
1001 2345 1049 2380 de

354 2393 576 2441 l'adjectif:
602 2395 715 2429 dans
745 2404 829 2429 une
857 2394 1049 2429 certaine

360 2451 544 2477 mesure.
577 2441 630 2477 K.
658 2441 710 2484 ΙΙ,
742 2442 825 2482 471,
856 2441 904 2475 A.
945 2440 985 2476 6.

406 2489 690 2534 Diliyentiam
706 2491 766 2523 est
783 2488 984 2523 l’attribut
1002 2486 1050 2522 de

360 2539 508 2582 facere
530 2537 626 2579 sibi,
650 2538 724 2571 etc.

416 2584 626 2619 Validius.
670 2582 735 2618 Cf.
782 2592 962 2628 prooem.
999 2582 1047 2616 8:

360 2642 445 2678 quo
478 2642 542 2666 me
586 2631 776 2666 validius
815 2630 1047 2665 cruciaret.

378 2680 571 2714 Validizcs
640 2688 690 2713 ne
745 2687 786 2712 se
837 2678 1048 2711 reneontre

361 2727 482 2772 guere
534 2736 611 2772 que
648 2725 740 2760 chez
782 2723 839 2759 les
885 2723 1048 2770 poetes3

363 2774 469 2808 ainsi
489 2773 582 2809 chez
616 2773 786 2815 Horace,
808 2773 855 2806 Α.
875 2772 924 2805 P.
954 2770 1047 2806 321:

364 2822 534 2856 inimicas
555 2821 732 2856 oblectat
747 2819 970 2864 populum.
985 2816 1047 2853 Cf.

1110 1343 1184 1387 Ep.
1207 1341 1238 1386 Ι,
1260 1342 1295 1383 9,
1318 1340 1353 1376 6.

1159 1390 1222 1426 12.
1250 1389 1408 1428 Quibus
1439 1387 1587 1424 omnia
1608 1398 1687 1424 sua
1702 1389 1804 1432 pla-

1111 1441 1221 1473 cent.
1256 1436 1373 1472 Ainsi
1412 1435 1564 1472 Ovide:
1610 1437 1803 1471 nimium

1111 1488 1286 1520 amator
1311 1484 1481 1530 z'ozyeniz·
1511 1484 1580 1518 sui
1614 1484 1665 1529 (1,
1684 1483 1745 1530 88)
1766 1485 1806 1518 et

1112 1534 1295 1579 seneque
1319 1542 1326 1566 :
1349 1533 1388 1567 si
1422 1541 1507 1567 non
1538 1532 1688 1567 omnia
1721 1540 1804 1567 sua

1111 1583 1303 1616 amasset
1319 1579 1387 1626 (ib.
1404 1578 1502 1624 130).

1158 1628 1344 1663 Memini
1375 1636 1596 1662 narrasse.
1619 1626 1734 1662 Dans
1762 1625 1804 1661 la

1111 1675 1270 1711 latinite'
1290 1677 1415 1711 avant
1432 1674 1629 1720 Auguste,
1648 1683 1700 1709 on
1728 1673 1804 1709 fait

1113 1723 1249 1758 suivre
1290 1723 1473 1758 memini
1506 1721 1553 1757 de
1604 1720 1807 1757 l'infinitif

1111 1772 1285 1817 present,
1310 1769 1448 1816 quand
1485 1768 1516 1804 il
1553 1769 1670 1815 s'agit
1707 1767 1803 1804 d'un

1111 1819 1188 1854 fait
1209 1828 1249 1853 se
1276 1819 1517 1864 rapport-ant
1551 1827 1572 1851 a
1599 1815 1706 1851 celui
1733 1815 1804 1862 qui

1113 1865 1238 1912 parba,
1271 1868 1309 1900 et
1341 1866 1441 1899 dont
1458 1863 1494 1899 le
1515 1863 1687 1899 resultat
1704 1862 1804 1899 dure

1113 1923 1268 1949 encore.
1319 1912 1457 1954 Quint.
1512 1921 1564 1946 au
1604 1910 1803 1946 contraire

1113 1960 1284 2007 emploie
1304 1959 1486 2005 touj0urs
1505 1957 1704 1994 l'infinitif
1714 1968 1804 2005 par-

1113 2008 1201 2043 fait.
1226 2009 1272 2044 V.
1295 2007 1344 2042 K.
1367 2006 1450 2050 518,
1467 2005 1508 2042 3.

1160 2057 1331 2091 Jcclium
1342 2055 1604 2090 Secundum.
1615 2053 1662 2090 V.
1673 2053 1705 2096 Ι,
1718 2053 1801 2089 120.

1159 2103 1218 2139 13.
1267 2104 1415 2138 Julius
1449 2102 1618 2137 Florus.
1670 2100 1732 2136 On
1779 2111 1803 2136 a

1114 2151 1288 2197 suppose
1320 2149 1417 2196 qu'il
1442 2151 1502 2184 est
1537 2148 1726 2195 question
1747 2148 1802 2184 du

1112 2198 1259 2234 Florus
1283 2198 1306 2232 a
1342 2197 1412 2243 qui
1447 2196 1604 2232 Horace
1641 2195 1803 2231 adresse

1113 2245 1172 2281 les
1189 2246 1349 2292 Epitres
1373 2243 1440 2287 1,3
1460 2246 1499 2279 et
1519 2243 1572 2284 ΙΙ,
1591 2244 1626 2279 1.
1648 2242 1702 2279 Ce
1724 2253 1803 2289 que

1113 2293 1150 2328 le
1167 2295 1284 2340 poete
1318 2291 1377 2327 dit
1410 2291 1458 2326 de
1477 2290 1537 2326 lui
1557 2290 1588 2331 I,
1621 2289 1658 2331 3,
1685 2289 1731 2327 21
1762 2291 1804 2326 et

1115 2342 1218 2377 suiv.
1260 2338 1536 2375 concorderait
1568 2347 1678 2373 assez
1707 2337 1804 2373 bien

1115 2398 1213 2423 avec
1230 2387 1370 2432 l’eloge
1385 2386 1503 2432 qu'en
1511 2385 1584 2420 fait
1596 2385 1647 2420 ici
1663 2384 1803 2427 Quint.

1113 2437 1209 2471 Non
1234 2435 1309 2469 tibi
1330 2443 1521 2478 parvum
1554 2433 1800 2477 maenium,

1115 2493 1201 2518 non
1218 2483 1438 2518 incultum
1461 2483 1524 2515 est
1550 2483 1591 2514 et
1614 2480 1803 2524 turpiter

1114 2531 1283 2565 hirtum
1302 2539 1309 2564 :
1331 2530 1413 2564 Seu
1439 2528 1634 2572 linquam
1658 2527 1802 2563 causis

1113 2577 1235 2613 acuis
1282 2587 1356 2612 seu
1397 2576 1531 2611 civica
1558 2576 1670 2617 jura
1708 2576 1805 2610 Res-

1113 2627 1298 2661 pondere
1334 2633 1472 2667 paras
1520 2632 1596 2657 seu
1655 2622 1804 2657 condis

1112 2673 1300 2710 amabile
1313 2680 1506 2712 carmen,
1521 2669 1674 2704 Prima
1689 2668 1805 2714 feres

1115 2721 1298 2755 hederae
1348 2717 1541 2753 victricis
1582 2717 1803 2761 praemia.

1114 2767 1168 2803 Le
1191 2766 1407 2802 scholiaste
1432 2763 1641 2811 Porphyre
1669 2763 1729 2798 djt
1755 2763 1804 2799 de

1113 2814 1192 2849 lui:
1217 2815 1297 2849 Hic
1329 2814 1481 2848 Florus
1508 2811 1600 2856 ficit
1635 2811 1804 2847 satira—
