1997 3231
768 146 1007 187 —113—

166 236 231 275 tiis
254 237 420 288 impero.
449 237 552 277 Nam
574 237 753 290 primum
778 239 853 278 hoc
877 240 1220 291 constituendum,
1244 243 1318 282 hoc
1338 243 1520 283 obtinen-
1575 244 1601 283 9

165 303 263 341 dum
289 306 362 352 est,
386 307 431 341 ut
450 316 572 354 quam
591 304 739 355 optime
758 304 984 342 scribamus
1007 317 1014 342 :
1038 306 1284 346 celeritatem
1299 308 1410 348 dabit
1423 323 1516 349 con-

164 369 350 408 suetudo,
386 368 587 407 Paulatim
619 381 683 407 res
704 369 861 408 facilius
884 382 926 408 se
959 371 1187 420 ostendent,
1218 373 1337 412 verba
1358 387 1522 426 respon-

164 433 335 483 debunt,
359 434 592 485 compositio
623 438 830 484 sequetur,
858 439 1002 474 cuncta
1025 436 1213 487 denique,
1240 438 1339 477 utin
1369 440 1520 480 familia

166 498 270 537 bene
308 499 507 548 instituta,
525 499 566 537 in
599 499 729 537 officio
762 503 896 538 erunt.
921 500 1089 539 Summa
1124 501 1222 540 haec
1244 506 1304 540 est
1334 504 1418 542 rei:
1442 505 1520 544 cito

166 564 377 603 scribendo
414 577 493 603 non
532 565 574 602 fit
614 568 660 602 ut
696 563 798 602 bene
835 564 1048 616 scribatur,
1088 566 1191 605 bene
1230 568 1442 607 scribendo
1475 571 1520 608 fit

168 632 211 667 ut
231 629 323 668 cito.
350 629 426 669 Sed
447 633 535 667 tum
558 629 745 678 maxime,
763 642 858 668 cum
881 631 1050 670 facultas
1067 632 1134 671 illa
1155 634 1381 684 contigerit,
1399 635 1520 674 resis-
1547 636 1600 675 10

167 697 300 733 tamus
348 699 392 733 ut
442 694 721 745 provideamus
770 698 810 732 et
860 695 1072 735 efferentes
1123 710 1165 736 se
1214 711 1338 750 equos
1393 700 1518 739 frenis

167 760 409 810 quibusdam
460 771 731 810 coerceamus,
775 760 879 810 quod
919 774 998 800 non

783 825 908 864 dabit.

167 838 289 877 quam
365 837 485 864 novos
539 824 714 876 impetus

213 991 253 1027 9.
273 990 436 1025 Initiis.
452 990 497 1025 V.
519 989 612 1036 plus
630 989 743 1033 haut,
765 989 852 1032 22:

168 1038 431 1081 disciplinae
448 1038 582 1072 initia
598 1039 635 1072 et
660 1036 709 1073 8:
733 1047 852 1072 ars...

168 1086 291 1119 inira
307 1085 490 1119 inilitcm
506 1085 857 1127 stetit.—Compo-

167 1133 282 1167 sitio.
315 1131 380 1167 Cf.
414 1132 449 1174 1,
472 1132 517 1167 79
535 1134 574 1166 et
602 1131 643 1166 13
669 1134 775 1166 note.
799 1131 857 1167 La

166 1179 314 1226 phrase
343 1179 529 1214 enumore
564 1178 623 1214 les
657 1179 754 1214 trois
791 1179 857 1214 oh-

164 1228 242 1272 Jets
279 1226 518 1273 principaux
548 1225 600 1261 du
637 1226 782 1261 travail
809 1226 855 1261 de

167 1273 386 1317 l’ecrivain‚
434 1273 474 1308 13
525 1273 738 1309 recherche
786 1273 855 1308 des

168 1321 275 1356 idees
294 1331 302 1356 2
323 1331 419 1362 res;
450 1320 547 1356 celle
581 1321 627 1355 de
660 1320 857 1367 l’expres—

173 1368 284 1404 sion:
308 1369 456 1410 verbm
478 1372 518 1403 et
543 1367 857 1413 l'arrangement

170 1415 239 1451 des
259 1426 335 1450 uns
351 1418 389 1451 et
407 1415 476 1450 des
510 1418 667 1450 autres:
699 1425 857 1460 compo—

171 1464 286 1498 sitio.

215 1510 409 1545 Familia
430 1521 442 1543 .·
472 1519 551 1544 une
580 1509 738 1544 maison
760 1519 856 1544 avec*

169 1568 242 1593 son
263 1556 478 1604 personnel
499 1557 546 1591 de
567 1557 853 1602 domestiques.

167 1604 285 1640 Ainsi
304 1605 454 1644 Tacite,
482 1606 593 1639 Αηη.
615 1604 720 1644 XIV,
754 1604 814 1646 42,
834 1604 858 1639 a

168 1662 316 1699 propos
349 1651 403 1686 du
433 1654 608 1687 meurtre
641 1651 689 1686 de
726 1651 858 1686 Peda-

169 1699 263 1735 nius
293 1699 501 1734 Secundus
532 1709 606 1745 par
637 1709 692 1733 un
724 1698 771 1733 de
793 1708 856 1734 ses

169 1746 360 1789 esclaves„
382 1746 615 1781 mentionne
636 1745 858 1781 l’ancienne

170 1796 358 1829 coutume
379 1803 386 1829 :
426 1794 650 1838 fan'ziliam
671 1803 856 1833 omnem,

171 1852 278 1886 quae
299 1842 375 1876 sub
404 1841 546 1876 eodem
569 1844 674 1875 tecto
698 1841 859 1876 mansi-

174 1891 358 1931 taverat,
399 1889 456 1923 ad
478 1889 745 1932 supplicium
783 1888 858 1933 aqi

171 1939 372 1980 oportere.

218 1984 271 2018 [η
289 1983 431 2029 officio
445 1993 458 2017 .·
482 1984 741 2028 rempliront
764 1984 860 2018 leur

173 2031 341 2075 charye.
361 2029 422 2065 Cf.
448 2030 558 2072 VIII,
580 2040 758 2076 prooem.
789 2029 857 2065 30:

173 2079 212 2112 si
252 2080 525 2121 praeparata
575 2078 750 2112 dicendi
796 2078 861 2112 vis

173 2124 327 2169 fuerit,
361 2124 527 2170 (omnia)
551 2126 681 2159 erunt
702 2124 750 2159 in
773 2124 864 2170 offi-

174 2182 255 2208 cio.

220 2219 283 2255 10.
317 2220 365 2253 Ut
386 2218 477 2254 cito.
499 2218 560 2253 Cf.
591 2228 669 2253 une
688 2217 863 2252 maxime

174 2266 373 2311 analogue
391 2276 468 2312 que
484 2265 651 2300 Ciceron
666 2268 747 2300 met
761 2264 863 2299 dans

173 2313 214 2348 13
233 2313 389 2349 bouche
406 2313 454 2348 de
474 2312 660 2355 Crassus,
680 2314 731 2347 de
752 2315 861 2347 orat.

174 2361 206 2402 Ι,
226 2360 287 2403 33,
315 2360 409 2396 150:
440 2361 619 2395 dicendo
658 2359 863 2399 homines,

174 2411 223 2442 ut
268 2409 433 2449 dicant,
475 2407 644 2453 efficere
683 2408 863 2442 solere...

171 2465 369 2499 perverse
386 2456 528 2490 dicere
548 2454 742 2489 homines
757 2463 861 2497 per-

177 2512 296 2538 verse
331 2503 512 2537 dicendo
542 2501 748 2547 facillime
770 2510 862 2536 con-

174 2550 311 2594 sequi.

224 2598 496 2632 Resistamus
540 2599 589 2630 ut
641 2594 867 2639 providea-

178 2653 289 2679 mus.
312 2643 436 2679 Halm
462 2646 544 2678 met
565 2653 628 2677 ces
649 2642 754 2677 deux
775 2641 867 2676 der-

177 2691 286 2726 niers
343 2693 448 2726 mots
515 2692 627 2726 entre
684 2689 865 2725 crochets

346 2801 486 2841 Omma,
509 2806 577 2832 Lm.
606 2807 641 2831 x.

1060 766 1142 801 tam
1196 776 1351 803 moram
1404 766 1523 805 faciet

981 827 1122 878 Neque
1202 829 1311 868 enim
1379 843 1522 870 rursus

921 1001 1076 1026 comme
1100 1003 1179 1028 une
1201 992 1311 1039 glose
1329 993 1393 1035 (ut
1416 1005 1519 1042 pour
1536 996 1602 1031 vel

921 1041 959 1073 et
974 1038 1003 1073 il
1026 1041 1085 1074 est
1098 1040 1203 1076 suivi
1219 1052 1293 1087 par
1312 1041 1480 1087 Kri'iger.
1496 1043 1609 1078 Nous

922 1096 1095 1132 croyons
1126 1098 1204 1134 que
1239 1088 1334 1124 c'est
1357 1089 1380 1123 a
1410 1092 1503 1125 tort.
1533 1090 1609 1125 Les

921 1133 1026 1168 ‹cleux
1064 1136 1211 1170 termes
1249 1136 1564 1183 appartiennent
1585 1138 1609 1172 a

920 1180 959 1216 la
979 1183 1108 1217 meme
1141 1183 1423 1229 comparaison
1450 1195 1526 1230 que
1548 1185 1606 1229 ef—

919 1229 1110 1273 ferentes
1130 1240 1172 1265 se
1207 1240 1331 1276 equos
1358 1231 1428 1278 qui
1455 1231 1549 1268 suit.
1569 1231 1603 1267 Il

920 1276 1009 1311 faut
1031 1278 1167 1312 savoir
1197 1278 1379 1313 moderer
1404 1279 1444 1313 la
1460 1290 1599 1315 course

919 1325 999 1359 alin
1031 1322 1079 1358 de
1109 1325 1296 1370 regarder
1315 1325 1465 1361 devant
1486 1326 1544 1362 soi
1565 1330 1605 1362 et

919 1372 1024 1407 tenir
1056 1381 1104 1406 en
1135 1375 1290 1418 respect
1321 1372 1378 1408 les
1423 1373 1608 1409 chevaux

920 1420 1120 1465 emportes
1139 1419 1186 1454 de
1208 1422 1321 1455 notre
1341 1420 1610 1466 imagination

919 1469 993 1502 etc.
1016 1467 1133 1502 Ainsi
1153 1466 1189 1501 le
1220 1467 1361 1503 cocher
1387 1478 1439 1503 au
1473 1468 1609 1515 cirque

921 1514 985 1549 n'a
1016 1524 1089 1561 pas
1121 1513 1344 1549 seulement
1367 1525 1416 1550 en
1451 1525 1528 1551 vue
1562 1516 1610 1551 de

920 1562 1063 1607 garder
1100 1560 1141 1596 13
1177 1563 1256 1596 tete
1288 1562 1390 1597 dans
1434 1573 1489 1597 un
1529 1573 1611 1599 mo·

921 1612 1032 1644 ment
1051 1609 1197 1653 donne,
1223 1609 1325 1644 mais
1345 1609 1374 1644 il
1398 1609 1525 1656 prend
1541 1610 1611 1646 des

919 1656 1177 1702 precautions
1203 1666 1305 1702 pour
1333 1655 1374 1691 13
1399 1667 1611 1693 conserver

915 1704 1078 1750 jusqu'a
1106 1703 1145 1738 13
1166 1703 1222 1738 fin
1240 1713 1248 1739 :
1272 1704 1438 1739 resistit
1457 1707 1611 1749 utpro-

919 1753 1080 1787 videat.

968 1818 1222 1860 Efferentes.
1259 1814 1476 1852 D’autres:
1505 1827 1612 1861 pro-

921 1865 1149 1899 videamus
1183 1863 1375 1906 efferenti
1416 1874 1459 1899 se
1492 1874 1611 1909 quos-

922 1912 1025 1946 dam
1073 1910 1222 1956 frenos
1255 1911 1456 1955 quibus...
1476 1921 1489 1946 .·
1517 1913 1614 1956 pre-

922 1959 1340 1994 cautionnons-nous
1387 1959 1437 1993 de
1486 1959 1612 1995 renes

915 2016 1031 2050 pom·
1053 2006 1295 2040 maintenir
1319 2008 1425 2040 cette
1445 2004 1612 2050 facilit&

923 2054 998 2098 qui
1054 2053 1257 2088 sortirait
1311 2054 1384 2087 des
1439 2053 1612 2097 borne-35

924 2100 1125 2135 d'autres:
1149 2103 1189 2135 ec
1208 2100 1466 2145 ferocientes
1490 2110 1614 2146 equos

924 2147 1068 2193 frenis
1097 2148 1373 2192 quibusdam.

972 2195 1134 2238 Efferri
1182 2205 1234 2229 au
1276 2203 1372 2230 sens
1411 2193 1460 2229 de
1497 2196 1615 2230 s'em-

919 2251 1066 2292 porter
1106 2256 1303 2282 commme
1354 2239 1418 2291 βίᾳ
1440 2241 1615 2292 φέρουστν

926 2296 1104 2345 (ἄστομοι
1140 2294 1275 2346 πῶλοι)
1335 2299 1429 2335 chez
1490 2300 1615 2336 SOPH.

926 2349 1056 2384 Elect.
1098 2347 1168 2382 725
1213 2349 1253 2383 et
1290 2347 1440 2383 Euan).
1489 2348 1615 2391 Hipp.

926 2394 1083 2431 1224.11
1104 2394 1172 2440 n’y
1193 2405 1217 2429 3
1243 2405 1317 2441 pas
1345 2393 1428 2429 lieu
1455 2393 1618 2430 d’aban-

927 2443 1081 2478 donner
1095 2441 1135 2477 13
1155 2441 1269 2486 lecon
1290 2441 1359 2477 des
1381 2440 1457 2476 Ms.

976 2499 1120 2541 Enim,
1157 2497 1260 2532 tient
1293 2496 1333 2531 13
1357 2495 1471 2543 place
1501 2496 1619 2531 d’une

929 2545 1016 2581 idee
1038 2544 1290 2591 supprimee:
1315 2544 1353 2578 si
1379 2553 1544 2578 moram
1557 2543 1621 2587 fa-

930 2596 1058 2634 ceret,
1073 2602 1159 2627 non
1174 2592 1415 2626 suaderem.
1442 2589 1504 2625 Cf.
1521 2600 1621 2625 nam

930 2639 1115 2686 employe
1148 2638 1196 2674 de
1216 2640 1360 2677 meme,
1384 2637 1418 2680 1,
1441 2637 1500 2681 12,
1524 2639 1563 2673 et
1581 2637 1622 2672 la

930 2690 1036 2723 note.

1430 2791 1448 2823 8
