1997 3231
774 88 1012 129 —109—

872 257 930 296 III

230 387 276 425 Et
301 387 398 425 haec
431 386 594 437 quidem
627 385 776 423 auxilia
812 384 1065 423 extrinsecus
1100 383 1372 422 adhibentur:
1405 385 1445 422 in
1475 384 1522 422 iis

172 455 308 489 autem
328 464 430 501 quae
457 451 571 489 nobis
593 450 690 501 ipsis
713 449 888 501 paranda
910 452 1019 496 sunt,
1044 451 1088 485 ut
1112 447 1278 498 laboris,
1301 448 1357 486 sie
1379 449 1527 487 utilita-
1579 448 1599 487 1

174 523 224 560 tis
259 523 381 561 etiam
416 521 532 570 longe
577 520 800 571 plurimum
834 519 964 557 adfert
997 519 1171 557 stilus.
1206 519 1289 557 Nee
1322 519 1522 556 immerito

174 588 230 627 M.
252 587 408 626 Tullius
437 588 547 625 hunc
579 585 820 636 optimum
841 585 1123 623 effectorem
1146 597 1200 622 ao
1231 584 1522 633 magistrum

174 652 379 692 dicendi
399 655 526 702 vocat,
558 652 623 689 cui
652 650 874 689 sententiae
890 662 1103 701 personam
1123 650 1168 688 L.
1194 649 1344 699 Crassi,
1375 650 1416 687 in
1445 649 1525 687 dis-

174 718 448 770 putationibus
486 729 588 767 quae
622 720 718 755 sunt
756 716 804 754 de
847 720 1018 763 oratore,
1040 715 1287 765 adsignando
1323 715 1525 766 judicium

174 797 295 823 suum
327 797 421 822 cum
454 783 562 821 illius
598 782 833 821 auctoritate
865 781 1089 832 conjunxit.
1123 780 1395 819 Seribendum
1431 793 1524 830 ergo
1579 780 1604 817 ⁴2

174 862 296 900 quam
316 847 623 898 diligentissime
641 851 678 885 et
706 860 826 898 quam
855 847 1093 898 plurimum.
1123 846 1226 884 Nam
1256 850 1301 884 ut
1320 850 1426 884 terra
1446 845 1524 884 alte

175 915 317 953 effossa
347 913 587 964 generandis
615 912 851 962 alendisque
884 912 1108 950 seminibus
1138 913 1347 950 fecundior
1380 912 1438 962 fif,
1468 911 1524 949 sic

175 980 376 1031 profectus
396 992 476 1017 non
496 992 519 1016 a
541 990 699 1016 summo
728 977 876 1028 petitus
907 977 1133 1015 studiorum
1155 978 1310 1016 fructus
1334 981 1372 1015 et
1392 976 1526 1014 fundit

176 1045 341 1085 uberius
362 1049 400 1083 et
432 1044 591 1082 fidelius
624 1043 815 1081 eontinet.
850 1043 951 1081 Nam
981 1043 1067 1081 sine
1104 1043 1179 1082 hae
1214 1043 1378 1094 quidem
1413 1055 1528 1080 cons-

224 1190 260 1225 1.
275 1190 404 1225 Nobis
426 1189 531 1232 ipsis
548 1200 561 1229 ‚·
582 1187 828 1224 c'est-iz-dire
844 1198 852 1223 :

178 1247 205 1272 a
227 1237 485 1281 nobisipsis,
515 1236 617 1270 mais
647 1246 743 1272 aveo
772 1235 856 1270 l’at-

180 1284 376 1320 tribution
435 1282 688 1330 personnelle
708 1294 719 1328 3
771 1293 858 1328 par

180 1341 289 1367 nous
311 1335 352 1366 et
366 1341 482 1375 pour
504 1341 626 1366 nous.

227 1385 378 1420 Stitus.
425 1383 485 1419 Cf.
537 1384 572 1418 1.
605 1384 641 1424 ’2,
660 1385 857 1427 γραφεῖον.

182 1432 295 1468 Dans
327 1431 366 1466 la
396 1431 545 1476 langue
573 1430 620 1465 de
652 1430 789 1472 Quint.
820 1441 861 1466 66

180 1482 265 1515 mot
297 1478 419 1525 garde
447 1488 602 1518 encore,
646 1477 752 1512 ainsi
785 1488 863 1524 que

182 1527 284 1562 dans
321 1525 417 1561 celle
447 1526 515 1560 des
554 1524 791 1571 ohssiques,
824 1525 863 1560 la

182 1573 453 1619 signification
486 1573 638 1619 precise
671 1572 718 1607 de
748 1572 864 1607 11116-

183 1623 363 1656 trument
385 1620 456 1666 qui
483 1621 563 1654 sert
589 1619 612 1654 ἐι
643 1619 778 1654 661116.
801 1620 862 1655 Cf.

182 1668 412 1710 V11‚1‚54·.
447 1667 602 1702 omisso
631 1668 864 1710 speciosore

184 1716 275 1751 stili
291 1716 524 1760 9enere‚act
538 1715 781 1749 utilitatem
801 1724 865 1750 me

184 1764 390 1799 submitto
433 1762 717 1797 discentium.
769 1761 866 1796 Plus

186 1810 277 1846 tard
290 1809 320 1845 11
348 1812 408 1845 est
428 1809 512 1856 pris
543 1808 868 1855 metaphorique-

187 1860 313 1893 ment.
344 1857 453 1892 Am..
489 1856 589 1891 GEs..
618 1857 670 1890 N.
691 1858 737 1891 Α.
757 1856 794 1898 3,
815 1856 839 1891 3
858 1866 865 1891 ;

185 1906 287 1941 stilo
308 1907 438 1949 atque
459 1904 624 1948 facetia
654 1904 868 1939 sermonis

186 1954 347 1988 Plauto
367 1950 660 1995 congruentis.

234 2000 290 2034 M.
317 1999 487 2033 Tattius
505 2009 519 2040 ;
539 1999 589 2033 cle
621 1998 737 2032 Orat.
759 1996 790 2038 Ι,
805 1996 866 2036 33,

187 2046 257 2082 150
278 2048 316 2081 et
327 2046 387 2088 60,
409 2045 496 2080 257:
513 2046 643 2079 stitus
659 2045 733 2079 ille
751 2047 866 2085 tuus,

188 2103 315 2139 quem
338 2096 384 2127 tu
405 2102 500 2127 vere
523 2091 866 2135 dimistiperfee-

192 2145 326 2176 torem
343 2139 517 2175 dicendi
532 2148 620 2174 esse
638 2148 688 2173 ae
710 2139 866 2183 maqis-

195 2191 360 2223 trum...

239 2236 292 2270 In
312 2233 698 2278 disputationibus.
721 2230 798 2266 Les
815 2231 872 2265 in-

193 2281 458 2318 terlocuteurs
495 2280 563 2315 des
599 2279 696 2314 trois
730 2277 873 2313 Dialo-

194 2340 291 2375 gues
312 2331 405 2364 sont
427 2327 607 2363 Licinius
628 2326 800 2361 Crassus
824 2325 872 2360 116

194 2388 243 2412 611
263 2377 333 2412 140
346 2379 384 2412 et
402 2378 507 2410 mort
519 2384 569 2409 en
589 2374 648 2412 91,
667 2376 706 2408 et
725 2372 779 2407 M.
795 2373 874 2408 An-

195 2424 348 2463 tonius.
411 2422 449 2458 16
517 2420 757 2467 grand-pere
820 2419 874 2454 du

195 2470 398 2513 triumvir,
430 2469 479 2505 ne
507 2479 555 2504 en
593 2467 677 2507 143,
701 2469 806 2502 mort
824 2477 874 2502 en

194 2518 330 2553 87.11s
358 2519 451 2552 sont.
482 2518 574 2551 tous
605 2514 712 2549 deux
729 2514 878 2561 appre-

197 2565 275 2601 cies
328 2563 635 2611 parallelement
684 2561 786 2596 dans
830 2560 865 2596 16

196 2614 376 2653 Brutus,
418 2610 478 2653 36,
505 2610 576 2645 113
615 2611 654 2644 et
680 2608 783 2643 suiv.
802 2618 812 2650 ;
834 2607 873 2642 la

197 2658 434 2705 biographie
473 2657 522 2693 de
562 2656 734 2691 Crassus
763 2665 790 2700 y
819 2658 880 2690 est

198 2706 324 2742 1116166
351 2706 375 2740 ἐι
405 2703 709 2751 Γειρρτροἰᾶᾱοη
736 2702 784 2737 (16
805 2713 879 2738 son

199 2751 524 2799 eloquence3158
540 2753 578 2787 et
604 2750 708 2785 suiv.

970 1189 1207 1224 Sententioe
1233 1197 1512 1232 personam...
1535 1187 1609 1221 acl·

922 1236 1154 1280 siqnancto.
1221 1235 1471 1282 Expression
1521 1243 1608 1269 em—

925 1285 1096 1331 pruntee
1135 1294 1187 1318 au
1224 1282 1483 1318 vocabulaire
1520 1281 1608 1315 dra-

928 1331 1132 1377 nmtiqueg
1168 1341 1322 1366 comme
1343 1331 1379 1371 1,
1402 1330 1445 1364 71
1467 1339 1473 1364 ;
1502 1330 1609 1372 ptu-

926 1389 996 1414 res
1014 1379 1158 1414 subire
1173 1387 1400 1422 personas.

975 1426 1009 1462 2.
1041 1427 1134 1460 Alte
1169 1427 1353 1469 effossa:
1389 1423 1460 1470 qui
1494 1433 1517 1457 a
1549 1422 1609 1457 ete

928 1473 1065 1520 l’objet
1095 1474 1198 1507 cl'un
1226 1473 1376 1507 Zabow·
1403 1471 1608 1515 profond.

928 1542 975 1546 —-
996 1525 1021 1555 A
1051 1530 1220 1555 summo
1242 1530 1249 1555 2
1273 1520 1300 1554 a
1333 1521 1375 1554 la
1408 1518 1610 1562 surfaee;

931 1568 1214 1604 continuation
1243 1566 1350 1602 dela
1382 1569 1511 1601 meme
1533 1565 1610 1599 me-

931 1615 1123 1662 tapliorej.
1152 1615 1290 1657 Quint.
1322 1623 1445 1660 pense
1476 1614 1498 1647 a
1532 1622 1610 1646 une

931 1663 1071 1709 plante
1100 1662 1199 1697 dont
1231 1661 1288 1697 les
1324 1661 1480 1696 raoines
1516 1662 1612 1694 s’en-

932 1711 1096 1745 foncent
1110 1709 1419 1756 prosondement
1432 1718 1480 1743 en
1496 1711 1610 1742 terre.

933 1758 992 1793 Cf.
1016 1757 1104 1801 1.3‚
1125 1758 1172 1792 5:
1206 1759 1302 1792 Non
1335 1757 1476 1791 subest
1511 1763 1613 1789 vera

935 1806 1000 1840 vis
1023 1815 1098 1840 nee
1113 1805 1295 1848 penitus
1317 1803 1528 1838 immissis
1545 1811 1613 1836 ra-

935 1853 1102 1888 dicibus
1166 1853 1345 1894 nititur,
1400 1853 1448 1884 ut
1503 1858 1613 1894 quae

934 1909 1104 1936 summo
1149 1900 1236 1934 soto
1275 1901 1379 1934 sunt
1426 1897 1612 1937 semina,

935 1947 1121 1983 celerius
1169 1957 1212 1982 se
1271 1946 1523 1990 effundunt,
1574 1946 1614 1978 et

936 1996 1135 2029 imitatae
1205 1994 1346 2037 spicas
1410 1992 1613 2027 herbulae

935 2042 1145 2076 inanibus
1179 2041 1333 2076 aristis
1370 2043 1472 2075 ante
1508 2048 1612 2073 mes-

934 2099 1023 2124 sem
1062 2089 1318 2133 flaveseunt.
1353 2107 1398 2112 -—
1437 2086 1616 2130 Profec-

937 2139 1005 2171 tus
1023 2147 1036 2169 .·
1051 2138 1229 2179 proqres
1243 2147 1257 2177 ,·
1276 2135 1326 2170 of.
1348 2134 1440 2181 plus
1460 2133 1612 2168 bas-15:

935 2184 992 2218 ad
1036 2182 1327 2226 profectum...
1391 2191 1495 2226 opus
1554 2183 1617 2215 est

936 2230 1095 2266 studio.
1133 2229 1191 2264 Ne
1225 2240 1266 2265 se
1295 2232 1508 2265 rencontre
1543 2238 1616 2274 pas

937 2277 1031 2313 chez
1081 2277 1248 2312 Cic-eron
1287 2287 1383 2312 aveo
1428 2287 1470 2312 66
1508 2285 1616 2316 sens,

938 2325 1041 2360 mais
1059 2324 1149 2370 dejil
1182 2324 1277 2360 ohez
1310 2324 1505 2370 seneque,
1542 2324 1616 2365 Ep.

938 2372 1030 2408 100:
1075 2373 1133 2406 ad
1177 2372 1424 2416 profectum
1470 2370 1620 2405 omnia

942 2420 1143 2461 tendunt,
1165 2421 1223 2454 ad
1238 2420 1392 2454 bonam
1416 2420 1617 2452 mentem.

988 2467 1090 2501 Sine
1146 2467 1225 2502 hac
1273 2465 1539 2502 conscientia
1581 2475 1624 2492 z

943 2514 1075 2556 hujus
1095 2514 1161 2548 rei
1182 2523 1310 2552 cons..
1334 2524 1352 2547 6
1371 2512 1449 2547 2‘1-d.
1471 2511 1505 2545 si
1520 2517 1622 2544 nous

943 2571 992 2596 ne
1014 2571 1189 2596 sommes
1215 2560 1400 2606 penetres
1419 2559 1472 2593 du
1494 2556 1624 2592 senti-

945 2610 1056 2643 ment
1088 2608 1136 2643 de
1160 2610 1262 2643 cette
1294 2608 1400 2641 force
1427 2603 1623 2652 profonde

945 2655 1123 2701 (aequise
1164 2665 1238 2700 par
1283 2653 1319 2689 16
1375 2651 1522 2688 travail
1571 2650 1624 2685 du

945 2701 1080 2748 style).
1115 2702 1175 2737 De
1209 2701 1337 2736 meme
1367 2701 1434 2735 hie
1468 2701 1626 2734 metus-

947 2749 1050 2784 haee
1071 2750 1155 2791 ira,
1179 2749 1282 2783 haee
1308 2747 1445 2791 fama,
1467 2755 1623 2794 expreS‚
