1997 3231
793 127 1031 167 —149-

210 228 346 278 ἄλογον
367 227 498 279 τριβήν
518 230 671 273 vocant,
695 238 773 277 qua
799 239 944 265 manus
965 227 1006 265 in
1027 225 1236 265 scribendo
1267 226 1460 276 decurrit,
1479 237 1557 277 qua

208 294 312 332 oculi
332 297 432 331 totos
452 292 571 331 simul
595 292 635 329 in
657 291 824 330 lectione
848 303 985 330 versus
1006 292 1214 342 ffexusque
1234 304 1375 330 eorum
1397 296 1435 330 et
1449 296 1559 330 tran-

211 358 312 396 situs
332 358 542 396 intuentur
561 361 597 395 et
624 360 716 394 ante
737 356 945 406 sequentia
981 356 1118 394 vident
1145 369 1266 407 quam
1289 357 1421 408 priora
1441 357 1556 395 dixe-

214 427 326 462 runt.
355 423 441 469 Quo
476 426 658 461 constant
693 422 887 460 miracula
908 422 973 460 illa
1007 422 1047 459 in
1080 422 1235 460 scaenis
1268 423 1501 473 pilariorum
1521 435 1566 461 ac

215 488 519 535 ventilatorum,
554 491 597 525 ut
620 500 664 525 ea
699 499 801 537 quae
831 487 1039 525 emiserint
1073 487 1176 525 ultro
1195 489 1331 526 venire
1352 488 1391 526 in
1425 501 1570 526 manus

213 554 353 592 credas
376 557 412 591 et
434 565 512 604 qua
529 552 726 603 jubentur
744 552 973 591 decurrere.
996 552 1073 591 Sed
1094 553 1160 591 hic
1181 565 1279 591 usus
1300 553 1352 592 ita
1374 554 1564 604 proderit,
1594 553 1646 592 12

213 619 245 657 si
268 632 313 657 ea
335 618 383 656 de
405 630 484 668 qua
505 618 625 656 locuti
662 630 805 655 sumus
825 630 890 656 ars
922 619 1195 667 antecesserit,
1219 622 1264 656 ut
1297 619 1428 669 ipsum
1450 619 1564 670 illud,

212 684 318 735 quod
340 684 381 721 in
403 696 445 721 se
466 683 660 721 rationem
695 695 774 720 non
812 682 948 733 habet,
971 683 1012 721 in
1047 683 1200 721 ratione
1231 687 1426 722 versetur.
1462 684 1565 722 Nam

211 749 312 787 mihi
333 760 384 786 ne
404 748 537 786 dicere
552 748 717 798 quidem
738 748 897 786 videtur
918 748 996 786 nisi
1011 748 1080 799 qui
1101 748 1306 799 disposite,
1330 753 1483 799 ornate,
1502 762 1566 787 co-

213 815 322 865 piose
342 813 454 863 dicit,
478 813 552 851 sed
586 813 842 852 tumultuari.
879 814 962 852 Nec
992 814 1144 852 fortuiti
1181 814 1378 852 sermonis
1397 819 1564 853 contex-
1595 816 1646 855 13

277 900 537 943 exemplum.

261 948 352 985 Qua
390 956 561 982 manus.
609 946 807 982 som-enit
850 946 898 981 de

212 994 393 1036 Ciceron‚
424 995 474 1029 de
496 997 606 1029 orat.
641 994 693 1036 ΙΙ,
712 994 772 1037 30,
794 994 888 1030 130:

213 1052 350 1086 neque
371 1043 503 1084 enim,
534 1041 697 1086 quoties
719 1043 894 1076 verbum

213 1090 393 1134 aliquod
423 1092 485 1124 est
517 1090 794 1124 scribendum
828 1099 898 1124 no—

213 1137 288 1177 bis,
314 1137 435 1171 toties
456 1138 549 1180 ejus
572 1138 686 1171 verbi
724 1137 890 1172 litterae

213 1186 318 1219 sunt
344 1184 604 1228 coyitatione
632 1185 896 1229 conquiren-

215 1233 320 1266 dae:
344 1241 421 1266 nec
462 1232 628 1275 quoties
668 1241 797 1266 causa
834 1232 895 1266 cli-

214 1280 351 1314 cenda
372 1281 446 1321 est,
471 1279 591 1313 toties
612 1280 669 1313 acl
689 1280 782 1322 ejus
797 1288 896 1314 cau-

213 1336 286 1361 sae
324 1326 510 1369 seposita
550 1329 811 1370 aryumenta
833 1336 895 1361 re-

216 1374 329 1409 volvi
350 1383 425 1408 nos
446 1376 623 1417 oportet,
646 1375 719 1408 secl
742 1374 894 1408 habere

215 1425 350 1456 certos
380 1422 486 1456 locos
515 1422 604 1465 qut,
635 1424 681 1455 ut
722 1422 895 1456 litterae

214 1470 273 1503 acl
303 1469 477 1503 verbum
511 1469 802 1510 scribendum,
837 1469 896 1503 sic

214 1516 286 1550 illi
305 1516 362 1550 acl
381 1525 561 1550 causam
585 1516 895 1559 escplz'candam

214 1563 365 1599 statim
392 1566 640 1598 occurrant.

270 1612 437 1645 Versus.
460 1609 520 1644 Cf.
536 1610 572 1654 1,
593 1609 640 1645 38
661 1612 699 1646 et
713 1609 752 1644 la
765 1612 859 1645 note
874 1610 898 1645 ἐ),

216 1668 259 1694 ce
278 1660 363 1693 mot
380 1668 390 1701 3
411 1657 446 1698 3,
464 1657 524 1692 32.

262 1707 512 1746 Dtoeerunt;
546 1705 568 1739 εὶ
607 1702 794 1752 supplem·
841 1715 896 1739 un

217 1755 330 1787 autre
362 1752 466 1798 sujet
484 1762 560 1798 que
594 1752 724 1793 oculi,
748 1751 816 1797 qui
839 1753 899 1786 est

216 1799 319 1835 celui
340 1799 388 1834 de
409 1801 559 1834 rident
585 1802 625 1835 et
648 1800 695 1835 de
716 1799 899 1834 intuen—

219 1851 304 1882 tur.
328 1846 389 1881 Cf.
412 1846 504 1893 plus
525 1847 638 1886 haut.
662 1847 732 1894 gf).

263 1903 484 1937 Miracula
528 1916 568 1933 =
602 1896 787 1946 θάυματα,
825 1902 897 1936 ad-

218 1951 442 1992 miranda,
474 1960 570 1984 avec
596 1949 633 1984 16
652 1951 782 1984 menie
807 1958 898 1983 sens

218 2007 296 2043 que
343 1997 435 2032 chez
484 1997 660 2031 Horace:
707 1997 898 2040 speciosa

219 2046 453 2079 miracula.
479 2046 525 2078 A.
548 2045 596 2078 P.
627 2043 709 2079 144.

266 2093 540 2126 Pilarz'orum
585 2094 625 2126 et
669 2091 895 2125 ventilato-

220 2149 347 2173 rum:
375 2140 447 2173 cles
472 2139 702 2182 jonyleurs
747 2140 787 2172 et
828 2139 901 2172 cles

220 2186 632 2230 prestz'diyitateurs.
684 2184 762 2220 Les
817 2195 902 2230 pre-

220 2233 342 2268 miers
381 2235 474 2268 sont.
503 2232 608 2267 ainsi
652 2231 815 2278 appeles
856 2231 903 2267 de

215 2281 327 2325 pila,
372 2279 506 2324 balle3
545 2279 656 2315 leurs
706 2279 903 2314 exercices

222 2331 313 2363 sont
360 2327 506 2362 de'crits
562 2337 635 2373 par
692 2325 903 2369 Manilius,

222 2377 335 2410 Astr.
357 2375 404 2415 V,
424 2375 493 2410 159
515 2376 553 2409 et
575 2374 678 2409 suiv.
701 2374 747 2409 V.
770 2372 806 2408 ]e
827 2373 905 2408 dic-

224 2422 425 2457 tionnaire
458 2422 504 2456 de
534 2421 643 2456 Rmn
675 2421 697 2455 ἐι
734 2430 775 2455 ce
805 2422 903 2456 mot.

230 2471 472 2504 ventilator
506 2468 662 2513 signifie
696 2467 906 2512 generale-

223 2518 336 2551 ment
365 2526 592 2559 vanneurj,
623 2514 652 2549 il
673 2525 722 2550 ne
749 2525 789 2550 se
811 2525 906 2550 ren-

226 2566 362 2599 contre
385 2562 497 2598 nulle
514 2565 606 2608 part
626 2561 790 2596 ailleurs
811 2573 907 2598 avec

224 2610 261 2645 16
276 2621 367 2645 sens
382 2620 459 2656 que
473 2610 531 2645 lui
544 2610 676 2644 donne
697 2608 746 2643 ici
767 2609 904 2651 Quint.

225 2678 268 2682 —-
284 2657 358 2692 Ces
373 2657 535 2703 geni‘tifs
551 2659 642 2692 sont
661 2657 683 2691 ἐι
698 2659 907 2702 rapporter

226 2705 249 2739 ἐι
271 2706 441 2740 scaenis
462 2707 501 2739 et
520 2714 601 2739 non
622 2704 645 2737 it
675 2704 903 2739 miracula.

273 2753 325 2786 In
366 2761 559 2793 manus,·
591 2760 672 2785 non
703 2751 815 2786 dans
848 2752 906 2786 les

228 2799 373 2833 mains
392 2800 464 2833 cles
498 2800 779 2842 spectateurs,
805 2799 906 2834 mais

228 2847 339 2881 dans
360 2847 418 2880 les
441 2847 557 2881 leurs
571 2854 764 2889 propre-s.

274 2892 333 2928 1‘2.
371 2893 487 2929 Ita...
528 2894 580 2929 si.
621 2891 906 2928 Construction

970 910 1036 935 ‘jeu
1056 900 1183 935 usitee
1213 902 1337 935 avant
1356 899 1396 935 la
1414 899 1573 936 latinite
1591 900 1639 936 de

956 910 1158 994 i'empire3
1183 948 1248 982 ila
1261 950 1321 982 est
1342 947 1449 983 alors
1471 951 1643 984 souvent

958 994 1068 1029 snivi
1089 994 1136 1030 de
1167 996 1342 1030 demum
1365 997 1403 1030 et
1424 1006 1447 1030 a
1474 1005 1553 1030 une
1574 1006 1641 1030 va-

956 1041 1045 1077 leur
1058 1042 1293 1078 restrictive.
1314 1042 1379 1079 Cf.
1412 1042 1482 1085 XI,
1496 1042 1533 1085 3,
1549 1042 1639 1079 130:

956 1091 1263 1125 Ambulantem
1315 1091 1431 1135 loqui
1473 1091 1537 1125 ita
1575 1092 1640 1125 de-

960 1147 1079 1172 mum
1098 1141 1274 1182 oportet,
1291 1138 1329 1172 si
1347 1139 1393 1172 in
1406 1138 1552 1173 causis
1563 1148 1642 1181 pu-

958 1185 1080 1220 blicis
1129 1187 1203 1220 etc.
1244 1185 1412 1220 Ciceron
1464 1184 1546 1220 dit:
1592 1195 1642 1220 ea

957 1233 1204 1268 conditione
1226 1233 1309 1268 si...
1332 1233 1378 1268 V.
1414 1232 1641 1278 cependant

957 1281 1080 1314 Brut.
1108 1279 1168 1320 52,
1192 1280 1285 1315 195:
1309 1290 1407 1315 cum
1429 1280 1491 1315 ita
1518 1280 1640 1315 heres

958 1328 1190 1363 institutus
1217 1330 1338 1371 esset,
1379 1327 1412 1362 si
1441 1328 1641 1372 pupillus

957 1378 1059 1410 ante
1074 1378 1273 1410 mortuus
1286 1378 1437 1410 esset...
1451 1374 1638 1415 Ailleurs,

957 1423 1067 1457 ita...
1091 1425 1139 1456 ut
1162 1422 1271 1465 (Ver.
1288 1422 1356 1464 IV,
1373 1424 1432 1460 (57,
1449 1421 1529 1466 1230)
1546 1432 1556 1466 3
1576 1422 1641 1457 ila

1023 1479 1121 1504 cum
1157 1470 1296 1512 (Brut.
1326 1470 1385 1513 69,
1405 1469 1515 1514 222„
1538 1469 1639 1504 dans

957 1527 1000 1552 ce
1022 1516 1180 1551 dernier
1211 1517 1407 1564 exemple‚
1429 1516 1469 1551 la
1487 1517 1640 1552 restric-

958 1565 1042 1600 tion
1064 1567 1124 1599 est
1144 1563 1297 1600 relevee
1312 1575 1385 1611 par
1401 1566 1638 1599 duntaoeat.

956 1611 1134 1647 Ailleurs
1149 1621 1315 1647 encore:
1339 1612 1446 1647 sic...
1470 1612 1509 1647 si
1524 1612 1638 1655 (Top.

957 1660 1016 1702 10,
1044 1659 1128 1703 44):
1152 1660 1213 1694 sic
1235 1659 1410 1695 heredes
1428 1659 1640 1703 instituti,

957 1708 995 1743 si
1015 1707 1136 1753 filius
1158 1709 1292 1743 natus
1312 1709 1434 1743 esset.

1006 1755 1060 1788 In
1093 1754 1293 1797 ratione;
1333 1753 1509 1790 cedi—dm
1542 1755 1642 1797 arte,

959 1802 1138 1847 artisque
1159 1804 1197 1836 et
1221 1803 1391 1840 rationis
1419 1801 1644 1848 praeceptis

959 1849 1229 1886 contineatur.

1005 1897 1104 1932 Nisi
1125 1897 1245 1940 qui...
1265 1895 1431 1931 Ciceron
1451 1906 1474 1931 a
1494 1895 1553 1931 dit
1567 1906 1644 1942 que

960 1945 996 1981 16
1016 1953 1160 1991 propre
1194 1943 1242 1979 de
1289 1943 1480 1979 l'orateur
1519 1944 1617 1978 etait
1635 1953 1642 1979 :

961 1992 1204 2035 composite,
1227 1994 1395 2033 ornate,
1413 1991 1571 2035 copiose
1591 1992 1644 2026 lo-

961 2040 1050 2085 qui.
1073 2038 1135 2081 Cf,
1159 2040 1208 2074 cle
1230 2041 1340 2074 orat.
1360 2037 1392 2081 I,
1414 2039 1474 2081 11,
1499 2039 1558 2073 48.
1581 2038 1642 2079 Cf,

961 2088 1016 2123 ib.
1035 2087 1096 2128 15,
1111 2085 1171 2122 64.

1016 2135 1314 2169 Tumultuarz'.
1336 2133 1397 2168 Cf.
1426 2132 1515 2176 VII,
1549 2143 1648 2180 pro-

962 2193 1065 2218 oem.
1086 2179 1110 2215 3
1127 2191 1134 2216 :
1154 2182 1295 2216 oratio
1305 2190 1459 2216 carens
1469 2181 1548 2216 hac
1564 2181 1647 2215 vir—

965 2233 1055 2265 tute
1084 2228 1240 2271 (ordine
1268 2227 1387 2273 scil.),
1409 2229 1645 2262 tumultue-

966 2281 1039 2312 tur
1069 2285 1236 2312 necesse
1271 2278 1378 2311 est...
1413 2274 1465 2316 ΙΙ,
1486 2275 1545 2315 1-2,
1575 2276 1644 2310 11ε

963 2335 1062 2360 cum
1118 2324 1297 2358 interim
1348 2333 1434 2358 non
1482 2326 1647 2357 actores

965 2373 1086 2409 modo
1108 2371 1327 2413 invenias,
1349 2371 1437 2412 sed,
1458 2371 1570 2414 quod
1590 2372 1648 2404 est

967 2422 1156 2465 turpius,
1174 2420 1474 2462 praeceptores
1496 2417 1646 2458 etiam,

965 2470 1041 2512 qui
1063 2470 1229 2504 brevem
1246 2465 1422 2500 dicendi
1443 2464 1650 2499 exercita-

967 2516 1127 2551 tionem
1149 2513 1381 2553 consecuti,
1401 2512 1562 2546 omissa
1574 2519 1651 2545 ra-

968 2564 1094 2606 tione,
1127 2563 1164 2597 st
1201 2561 1303 2594 tulit
1326 2560 1528 2602 impetus,
1553 2567 1651 2601 pas-

966 2611 1051 2645 sim
1106 2609 1433 2644 tumultuentur
1482 2614 1649 2649 eosque,

967 2658 1043 2701 qui
1059 2658 1160 2702 plus
1189 2655 1363 2690 honoris
1396 2653 1549 2687 litteris
1578 2653 1652 2686 tri-

967 2705 1169 2747 buerunt,
1207 2703 1373 2745 ineptos
1413 2703 1452 2735 et
1477 2700 1654 2742 jejunos

969 2756 1007 2787 et
1026 2753 1187 2796 tepidos
1198 2753 1236 2784 et
1249 2750 1458 2795 infirmos,
1471 2747 1656 2791 utquod-

969 2809 1050 2844 que
1112 2798 1283 2833 verbum
1317 2794 1658 2831 contumeliosis-

971 2847 1134 2882 simum
1173 2843 1374 2884 occurrit,
1408 2842 1650 2888 appellant.

1016 2894 1075 2929 13.
1097 2894 1207 2935 Nec;
1225 2900 1327 2938 pour
1342 2899 1440 2927 ne...
1465 2890 1656 2937 quidem,
