1997 3231
862 148 1098 188 -135—

224 265 243 291 «
266 256 495 304 oporteatne
521 252 797 291 insidiatorem
823 251 994 290 interfici
1015 251 1075 289 vel
1109 250 1380 302 perniciosum
1410 250 1467 289 rei
1497 263 1574 302 pu-

222 317 347 356 blicae
368 318 510 367 civem,
533 318 689 356 etiamsi
710 330 789 356 non
810 316 1054 355 insidietur?
1078 330 1096 354 ))
1121 329 1141 353 ((
1165 316 1259 355 Cato
1281 317 1473 355 Marciam
1501 317 1571 354 ho-

222 387 388 421 nestene
401 383 609 422 tradiderit
626 383 838 421 Hortensio
852 396 871 421 »
885 395 894 430 3
909 394 960 420 an
975 394 993 418 ((
1008 381 1269 419 conveniatne
1285 395 1348 420 res
1366 382 1455 420 talis
1470 381 1572 419 bono

221 449 304 487 viro
328 462 364 487 )).
386 449 443 487 Ι)6
464 449 875 500 personisjudicatur,
895 448 964 486 sed
985 448 1033 486 de
1054 446 1175 485 rebus
1196 448 1464 486 contenditur.
1487 449 1569 486 De-
1600 447 1652 486 14

223 513 480 551 clamationes
514 526 620 563 vero,
654 513 792 563 quales
819 513 861 551 in
893 513 1040 551 scholis
1068 513 1276 550 rhetorum
1304 512 1509 562 dicuntur,
1540 513 1573 551 si

223 579 340 616 modo
361 582 455 617 sunt
474 579 523 617 ad
545 579 751 617 veritatem
779 579 1100 617 accommodatae
1125 581 1164 616 et
1190 578 1436 615 orationibus
1458 580 1567 617 simi-

222 644 294 695 les,
318 657 397 682 non
427 648 584 682 tantuin
610 644 708 682 dum
731 644 927 683 adulescit
958 645 1174 695 profectus,
1197 647 1292 681 sunt
1318 643 1570 694 utilissimae,

222 710 315 760 quia
352 710 623 748 inventionem
665 713 703 748 et
741 710 1041 761 dispositionem
1081 710 1230 760 pariter
1268 714 1466 755 exercent,
1505 710 1574 748 sed

222 775 342 813 etiam
366 787 459 813 cum
480 778 539 813 est
571 779 875 813 consummatus
896 788 941 814 ac
968 775 1054 825 jam
1084 775 1125 812 in
1146 775 1229 812 foro
1258 775 1415 813 clarus:
1452 775 1574 813 alitur

222 840 331 878 enim
351 844 470 891 atque
496 841 678 879 enitescit
703 841 811 879 velut
833 841 977 892 pabulo
1006 841 1167 879 laetiore
1194 841 1380 879 facundia
1407 844 1444 878 et
1469 841 1573 879 adsi-

223 906 302 945 dua
329 907 630 944 contentionum
656 907 870 958 asperitate
890 907 1051 957 fatigata
1073 910 1300 945 renovatur.
1325 906 1575 957 Quapropter

223 971 411 1010 historiae
456 984 763 1023 nonnumquam
808 972 970 1011 ubertas
1004 973 1046 1010 in
1084 972 1217 1024 aliqua
1249 972 1460 1010 exercendi
1493 972 1573 1010 stili
1601 970 1654 1010 15

270 1086 628 1121 Insidiatorem...
682 1087 907 1130 pernicio-

222 1143 320 1168 sum
342 1133 491 1169 civem.
514 1133 621 1168 Tout
640 1132 676 1169 le
696 1133 907 1180 plaidoyer

223 1190 326 1226 pour
371 1180 497 1215 Milon
544 1181 645 1216 tient
693 1181 795 1216 dans
841 1191 905 1216 ces

225 1228 331 1263 deux
343 1228 675 1263 considerations.
692 1228 828 1269 Quint.
846 1228 906 1274 s’y

223 1275 349 1310 refere
370 1275 678 1321 sreiqueminent.
709 1277 753 1310 V.
794 1279 905 1311 entre

223 1326 372 1365 autres,
396 1323 468 1363 III,
487 1324 522 1367 :5,
544 1324 590 1359 10
612 1326 650 1358 et
674 1323 762 1364 VII,
784 1324 820 1365 1,
843 1323 902 1358 34.

271 1371 370 1406 Cato
408 1372 638 1406 Marciam.
689 1371 790 1416 Detja
829 1371 905 1406 cite

223 1417 296 1458 ΙΙΙ,
318 1418 354 1460 5,
376 1418 420 1452 11
440 1428 448 1453 ;
472 1428 531 1453 an
553 1420 648 1453 Cato
664 1422 776 1454 recle
791 1419 905 1453 Mar-

222 1466 338 1500 ciam
376 1466 606 1500 Hortensio
652 1466 902 1500 tradiderit.

224 1512 467 1548 Hortensius
498 1513 600 1548 dans
633 1524 706 1548 son
727 1513 906 1547 enthou-

224 1560 371 1595 siasme
404 1571 507 1607 pour
536 1560 665 1595 Caton
700 1560 903 1607 d’UUque,

223 1607 282 1642 lui
302 1608 412 1643 avait
433 1608 628 1643 demande
650 1618 805 1644 comme
826 1618 904 1643 une

224 1655 368 1691 faveur
388 1656 434 1691 de
453 1654 511 1690 lui
533 1655 648 1690 ceder
681 1666 726 1690 sa
758 1656 904 1690 femme

223 1702 375 1737 Marcia
401 1713 412 1748 3
449 1702 580 1738 Caton
618 1714 645 1749 y
689 1703 902 1738 consentit.

222 1750 374 1786 Marcia
394 1750 512 1785 vecut
533 1750 596 1785 six
628 1760 703 1785 ans
738 1760 835 1786 avec
867 1749 905 1785 16

221 1797 375 1833 celebre
411 1799 585 1838 orateur,
628 1799 665 1833 et
701 1797 830 1833 Caton
864 1797 904 1832 la

222 1846 346 1892 reprit
367 1846 389 1879 a
409 1844 448 1880 la
470 1848 575 1880 mort
597 1845 644 1880 de
666 1856 709 1880 ce
730 1845 901 1880 dernier.

221 1892 294 1928 Cet
349 1893 513 1938 etrange
568 1893 729 1928 marche
770 1894 903 1939 par-ait

222 1940 337 1975 avoir
373 1941 434 1975 ete
485 1940 702 1976 sortement
740 1943 905 1975 contro—

222 1989 335 2023 verse
357 1988 450 2023 cliez
471 1987 529 2023 les
552 1988 747 2023 Romains
775 1990 812 2023 et
833 1988 905 2033 ge—

223 2035 475 2070 neralement
492 2035 641 2070 blame.
676 2036 721 2070 V.
742 2035 896 2070 S'rnAss.

223 2082 293 2124 XI,
327 2093 366 2128 p.
397 2083 480 2117 515.
512 2082 731 2117 Tertullien
771 2084 902 2127 (Apol.

220 2129 281 2174 39)
319 2133 357 2165 et
390 2129 661 2173 St-Augustin
703 2130 768 2173 (de
801 2131 904 2165 bono

222 2179 331 2221 conj.
349 2178 407 2218 13)
425 2177 507 2212 s'en
520 2177 607 2212 font
623 2188 678 2212 un
691 2179 905 2222 argument

223 2229 360 2260 contre
386 2224 425 2259 la
447 2224 680 2271 corruption
703 2234 902 2270 payenne.

269 2273 327 2307 14.
365 2273 722 2307 Declamationes.
763 2271 900 2313 Quint.

222 2319 280 2354 les
302 2319 442 2355 definit
464 2319 531 2363 (ΙΙ,
568 2319 603 2362 4,
635 2319 722 2363 41);
757 2320 904 2354 Fictae

223 2369 280 2402 ad
313 2368 610 2402 imitationem
644 2366 732 2410 fori
762 2366 906 2401 consi—

226 2415 468 2459 liorumque
504 2414 732 2454 materiae,
779 2415 817 2448 et
856 2423 905 2448 en

225 2464 412 2508 rapporte
450 2461 664 2496 l’honneur
699 2461 722 2495 a
765 2460 906 2495 Deme-

224 2510 324 2544 trius
348 2509 395 2544 de
416 2508 599 2544 Phalere.
628 2508 792 2543 Ciceron
813 2518 906 2543 con-

224 2556 396 2591 naissait
416 2556 455 2591 la
477 2556 597 2591 chose
619 2555 672 2600 (v.
697 2557 809 2590 entre
831 2566 907 2590 au—

226 2606 304 2638 tres
327 2605 377 2639 de
399 2605 514 2639 Orat.
538 2603 568 2646 I,
590 2602 649 2643 33,
671 2603 770 2646 149),
803 2603 906 2638 mais

224 2650 260 2685 le
274 2657 376 2686 'nom
399 2661 494 2686 avec
515 2661 556 2686 ce
579 2660 671 2685 sens
691 2650 782 2684 date
804 2649 906 2685 dela

225 2699 278 2732 1111
299 2698 352 2732 du
375 2699 494 2743 regne
508 2697 795 2742 d'Auguste.V.
809 2697 904 2742 SEX,

226 2745 310 2781 RH.
338 2748 531 2780 Controv.
550 2744 676 2790 praef.
693 2745 735 2778 11
750 2747 786 2779 et
800 2745 905 2780 suiv.

229 2797 266 2827 et
293 2792 333 2826 la
354 2794 447 2828 note
481 2793 501 2827 a
525 2793 905 2834 declamatoribus,

226 2840 261 2883 1,
280 2839 338 2877 71.

1018 1086 1063 1120 Si
1081 1087 1200 1121 rmodo
1220 1088 1338 1120 sunt.
1373 1085 1482 1121 Elles
1504 1085 1654 1120 etaient

969 1133 1054 1168 loin
1072 1133 1227 1168 d'avoir
1248 1133 1429 1179 toujours
1444 1135 1546 1168 cette
1558 1143 1654 1178 qua-

969 1180 1053 1216 lite.
1076 1181 1121 1215 V.
1146 1181 1247 1216 TAc.
1266 1181 1378 1216 Dial.
1401 1180 1472 1216 33:
1497 1181 1654 1218 Quales

964 1238 1044 1272 per
1075 1229 1205 1274 fidem
1246 1231 1287 1263 et
1317 1237 1449 1272 quam
1471 1228 1654 1263 incredi-

970 1276 1113 1311 biliter
1134 1277 1393 1319 compositae
1408 1275 1423 1309 ,Ι
1444 1276 1653 1319 Sequitur

970 1327 1118 1358 autem
1159 1326 1208 1357 ut
1248 1323 1459 1358 materiae
1498 1322 1654 1357 abhor-

969 1371 1088 1405 renti
1120 1380 1146 1405 a
1178 1372 1362 1406 veritate
1391 1370 1653 1405 declamatio

969 1416 1651 1464 quoqueadhibeatur.CRQUINT.

969 1465 1020 1506 II,
1043 1465 1102 1508 kt),
1125 1465 1171 1500 4:
1196 1466 1275 1504 Qui
1297 1466 1345 1500 in
1367 1465 1655 1500 declamatio-

971 1514 1097 1548 nibus
1117 1539 1125 1553 ‚
1176 1522 1284 1556 quas
1337 1522 1424 1547 esse
1474 1512 1654 1546 veritati

971 1561 1294 1595 dissimillimas
1328 1561 1493 1602 volunt,
1529 1562 1655 1594 aeta-

972 1611 1101 1643 tem...
1119 1610 1396 1642 consumunt.
1413 1606 1474 1641 Cf.
1491 1606 1546 1641 ib.
1565 1608 1655 1641 tout

968 1655 1005 1691 le
1023 1655 1140 1701 chap.
1160 1654 1218 1690 10.

1017 1704 1239 1737 Adulescit
1254 1702 1489 1747 profectus.
1518 1700 1654 1736 L'al)s-

970 1750 1066 1785 trait
1086 1760 1187 1796 pour
1202 1749 1238 1784 le
1254 1752 1409 1785 concret
1429 1760 1437 1792 3
1458 1748 1655 1794 equivaut

969 1798 1017 1832 a:
1042 1799 1299 1832 adulescens
1319 1798 1502 1843 proficit.

1017 1846 1216 1886 Pariter,
1213 1856 1221 1863 ·
1243 1845 1327 1880 c.—a
1344 1845 1381 1879 d.
1399 1844 1535 1878 simul
1553 1852 1653 1878 cum

970 1893 1222 1935 elocutione,
1237 1894 1339 1927 cette
1352 1891 1487 1927 demi«
1493 1890 1655 1925 reetant

969 1939 1106 1986 l'objet
1126 1950 1271 1986 propre
1291 1939 1359 1975 des
1382 1938 1578 1975 exercit-es
1606 1937 1654 1972 de

970 1987 1216 2033 rhetoiique.

1018 2036 1365 2070 (oiisummatus.
1403 2032 1594 2074 (11.1,89
1616 2033 1655 2067 et

969 2082 1039 2117 122
1059 2093 1108 2117 av
1113 2093 1155 2118 ec
1175 2081 1234 2117 165
1254 2084 1383 2116 notes.
1406 2084 1440 2116 A
1465 2078 1655 2135 511Ῑη11661·

969 2129 1043 2164 ici:
1079 2130 1349 2170 adulescens,
1394 2139 1465 2174 sug
1462 2128 1560 2173 gere
1581 2136 1655 2173 par

970 2177 1199 2211 adulescit.

1017 2225 1181 2258 Pabulo
1205 2224 1398 2258 laetiore.
1433 2222 1491 2257 De
1524 2224 1654 2256 meme

971 2270 1079 2313 VIII,
1102 2281 1280 2325 prooem
1302 2270 1373 2305 23;
1398 2271 1515 2305 ielut
1542 2271 1653 2304 laeto

969 2320 1172 2362 mamine
1211 2321 1323 2353 sata.
1370 2315 1652 2363 L'expression

970 2365 1310 2412 estvirgilienne3
1328 2364 1378 2400 cf.
1395 2366 1654 2400 entreautres

971 2414 1091 2448 Geoi.
1111 2396 1198 2456 ΙΙΙ,
1230 2413 1313 2448 494.
1345 2411 1452 2448 Ρο111
1484 2411 1520 2446 16
1539 2409 1652 2451 fond,

969 2460 1058 2495 voii
1078 2471 1120 2496 ce
1140 2470 1217 2507 que
1238 2460 1404 2495 Ciceron
1423 2459 1478 2493 dit
1506 2458 1541 2493 d'
1548 2458 1655 2492 Hor-

973 2506 1140 2551 tensius,
1172 2510 1296 2542 Brut.
1330 2506 1390 2550 33,
1412 2506 1503 2541 302·.
1541 2504 1655 2539 ‹Vul-

972 2556 1092 2590 lum..
1100 2555 1380 2599 ‚patiebatur
1407 2562 1494 2588 esse
1520 2553 1651 2588 diem

970 2603 1077 2647 quin
1100 2606 1180 2637 (tut
1201 2603 1248 2637 in
1279 2603 1372 2646 soro
1392 2601 1553 2635 diceret
1574 2600 1655 2633 aut

972 2651 1262 2685 meditaretur
1307 2651 1433 2683 extra
1472 2647 1619 2691 forum
1641 2655 1654 2686 ,-

970 2698 1224 2740 saepissime
1251 2699 1393 2730 autem
1418 2695 1562 2729 eodem
1585 2693 1653 2727 die

972 2748 1207 2787 utrumque
1229 2743 1428 2786 faciebat.

1017 2792 1076 2826 15.
1114 2791 1335 2826 Historiae
1368 2789 1556 2823 ubertas.
1591 2786 1652 2821 Cf.

972 2839 1006 2880 ’,1,
1021 2838 1080 2874 31.
