1997 3231
948 202 997 208 —
1027 180 1105 220 148

417 280 592 332 quadam
611 281 831 321 mobilitate
859 282 999 332 animi,
1021 286 1080 334 ut,
1113 283 1211 322 dum
1241 282 1421 334 proxima
1450 283 1640 334 dicimus,
1666 287 1772 322 stru-

415 359 482 384 ere
502 346 690 386 ulteriora
713 348 912 398 possimus
934 361 1173 399 semperque
1194 353 1375 387 nostram
1395 361 1533 388 vocem
1550 349 1708 400 provisa
1728 353 1767 388 et

416 413 584 452 formata
615 414 798 464 cogitatio
831 415 1028 466 excipiat:
1053 415 1117 452 vix
1152 419 1286 453 tamen
1308 418 1378 453 aut
1411 419 1555 454 natura
1578 419 1649 453 aut
1668 415 1770 454 ratio

336 476 362 515 9
416 477 458 516 in
479 482 561 517 tam
581 480 790 530 multiplex
809 480 985 518 officium
1002 480 1190 518 diducere
1210 480 1393 518 animum
1408 484 1540 531 queat,
1564 484 1609 518 ut
1623 480 1767 518 inven-

417 543 529 592 tioni,
564 545 828 596 dispositioni,
862 545 1092 594 elocutioni,
1127 545 1257 584 ordini
1284 558 1423 584 rerum
1456 545 1768 596 verborumque,

418 614 506 648 tum
526 610 588 658 iis,
612 623 714 661 quae
732 611 842 661 dicit,
864 624 967 662 quae
988 611 1281 662 subjuncturus
1303 615 1378 660 est,
1402 624 1504 662 quae
1526 611 1631 649 ultra
1656 623 1769 662 spec-

335 675 387 714 10
415 676 535 715 tanda
556 680 665 725 sunt,
688 677 865 714 adhibita
886 677 1009 725 vocis,
1038 677 1391 727 pronuntiationis,
1415 680 1553 726 gestus
1576 676 1767 714 observa-

415 742 536 791 tione,
560 742 680 779 simul
700 742 888 780 sufficiat.
908 742 1041 792 Longe
1061 742 1169 780 enim
1196 742 1404 792 praecedat
1425 745 1577 792 oportet
1602 741 1769 779 intentio

413 820 459 845 ac
480 819 574 858 prae
595 819 636 845 se
657 819 720 845 res
752 810 857 856 agat,
882 811 1162 857 quantumque
1187 806 1355 844 dicendo
1389 806 1658 855 consumitur,
1681 810 1770 844 tan-

412 876 499 910 tum
520 885 568 910 ex
588 871 729 910 ultimo
748 875 998 922 prorogetur,
1021 876 1080 921 ut,
1104 872 1229 909 donec
1251 871 1532 922 perveniamus
1555 871 1604 909 ad
1619 872 1761 921 finem,

415 950 494 976 non
515 937 651 975 minus
671 940 883 989 prospectu
904 937 1170 988 procedamus
1184 949 1306 987 quam
1326 936 1468 986 gradu,
1492 936 1524 974 si
1545 949 1625 974 non
1645 936 1769 974 inter-

411 1002 597 1042 sistentes
617 1003 940 1053 offensantesque
959 1002 1093 1041 brevia
1123 1002 1190 1040 illa
1211 1006 1330 1052 atque
1352 1001 1511 1040 concisa
1540 1001 1766 1058 singultan-

414 1068 517 1106 tium
537 1068 654 1107 modo
673 1068 839 1119 ejecturi
863 1081 1020 1107 sumus.

329 1132 379 1173 11
464 1133 535 1171 Est
584 1133 707 1183 igitur
763 1146 862 1171 usus
912 1133 1079 1184 quidam
1135 1130 1392 1181 irrationalis,
1446 1143 1570 1181 quam
1626 1131 1767 1170 Graeci

333 1232 425 1257 cum
474 1231 546 1267 pro
595 1220 800 1255 anxietate
846 1220 1016 1255 (licentis

332 1268 508 1305 musculi
529 1268 609 1303 oris
636 1268 775 1303 invitis
797 1267 920 1303 etiam
939 1270 1016 1302 tra-

331 1317 486 1352 huntur
502 1318 541 1351 et
562 1315 858 1358 convelluntur.
888 1317 933 1350 ut
952 1314 1017 1350 la-

331 1364 397 1400 bia
410 1366 449 1399 et
463 1363 603 1409 lingua
615 1363 733 1409 quasi
756 1362 972 1409 trepident.
999 1377 1010 1391 υ

330 1411 465 1449 Wolff.
501 1410 698 1458 Spalding
729 1409 907 1456 rappelle
935 1410 1014 1445 Ho-

329 1470 418 1495 race
440 1459 624 1506 presente
646 1459 668 1492 a
683 1458 854 1493 Mecene.
869 1457 961 1493 Sat.
978 1457 1010 1500 Ι,

326 1508 362 1548 6,
381 1508 452 1543 57:
477 1506 710 1551 singyullim
736 1515 880 1551 pauca
904 1507 1012 1541 locu-

331 1558 427 1597 tus;
460 1554 620 1597 Infans
655 1562 842 1597 namque
867 1554 1012 1597 pudor

322 1602 575 1646 prohibebat
592 1602 728 1644 plura
746 1600 936 1645 profari.

372 1650 640 1689 Mobilitate;
673 1649 720 1683 de
753 1650 884 1683 meme
917 1647 1010 1694 plus

325 1697 398 1732 bas
417 1697 463 1732 22
481 1707 487 1732 :
522 1696 760 1731 mobiliore.
779 1722 806 1731 ..
831 1696 1008 1739 inqendo

324 1759 368 1776 =
380 1744 587 1790 souplesse
603 1742 780 1788 d'esprit.
801 1763 848 1767 —
859 1743 1010 1778 Proxi-

327 1802 398 1828 ma
423 1808 458 1823 τ
484 1802 525 1827 ce
548 1801 624 1837 que
657 1790 739 1825 l'on
767 1790 826 1825 dit
853 1790 954 1825 dans
973 1790 1009 1825 le

324 1842 505 1875 moment
552 1841 709 1882 meme3
760 1837 924 1883 ‹lesigne
969 1837 1008 1872 la

324 1890 454 1923 meme
470 1886 590 1922 chose
612 1896 688 1931 que
707 1896 714 1920 :
736 1888 927 1920 nostram
944 1895 1008 1920 vo—

323 1945 438 1976 cem‚·
460 1933 594 1969 tandis
616 1942 694 1978 que
727 1933 932 1977 cogitatio
954 1942 1009 1967 re-

322 1982 450 2028 prend
466 1981 583 2016 l’idee
603 1980 650 2015 de
670 1979 898 2015 ulteriora.

368 2036 402 2070 9.
427 2036 479 2069 In
506 2038 597 2069 tam
634 2033 912 2076 mzllte‘pleae...
945 2033 1007 2067 cll-

323 2084 506 2118 ducere:
553 2081 577 2115 a
621 2082 810 2127 partager
855 2079 1008 2126 l'esprit

323 2132 435 2165 entre
456 2129 525 2164 des
547 2128 749 2163 fonctions
765 2127 798 2162 si
814 2127 1005 2162 diverses.

323 2176 523 2223 Sufficiat
538 2186 561 2210 a
576 2185 678 2221 pour
693 2175 798 2220 sujet
812 2175 1006 2218 animus,

324 2236 375 2260 ou
391 2228 551 2266 orator,
573 2224 595 2258 a
617 2221 815 2268 suppleer.
849 2263 856 2267 ‚

371 2274 397 2307 A
408 2272 576 2307 clltlbita
598 2271 710 2305 vocis
730 2271 807 2305 etc.
835 2269 1008 2304 Enume-

325 2319 457 2354 ration
480 2317 679 2362 analogue
700 2317 736 2359 1,
759 2317 817 2351 17.

372 2368 430 2402 10.
486 2368 562 2402 Res
614 2373 723 2408 prae
775 2374 817 2399 se
873 2367 977 2408 ayal
995 2375 1008 2398 .-

326 2424 474 2461 pousse
506 2413 563 2448 les
596 2411 704 2446 idees
738 2410 887 2446 devant
918 2410 1006 2451 elle,

327 2463 385 2498 les
407 2461 547 2497 amene
567 2459 614 2494 de
635 2458 731 2494 loin.
752 2458 813 2493 Cf.
836 2458 866 2500 Ι,
884 2459 918 2500 1,
938 2459 1006 2494 25:

329 2510 653 2546 antecedentem
668 2507 925 2540 memoriam
939 2506 1009 2551 (se-

356 2568 398 2593 ui
420 2585 427 2592 .

327 2569 353 2605 q
378 2558 702 2640 Cbnsumitur...
733 2602 1002 2644 prorogyelur.

329 2650 623 2698 Comparaison
644 2648 740 2683 tire'e
767 2647 835 2681 des
866 2647 1011 2692 opera-

330 2700 437 2735 tions
467 2699 514 2733 de
535 2697 711 2742 banque.
743 2694 805 2729 Au
825 2694 890 2728 fur
922 2698 960 2728 et
988 2694 1011 2729 a

328 2756 486 2783 mesure
507 2755 585 2791 que
610 2743 799 2778 l'orateur
821 2740 1008 2787 depense,

329 2794 359 2830 il
380 2795 465 2829 doit
483 2793 616 2827 aviser
643 2790 667 2825 a
694 2788 895 2825 satisfaire
929 2798 1009 2822 aux

330 2842 547 2877 echeances
577 2840 600 2874 a
628 2837 759 2873 venir.
785 2856 831 2861 —
852 2837 918 2870 Ea‘
947 2836 1009 2869 ul-

328 2890 444 2933 timo,
468 2895 630 2924 comme
644 2884 738 2931 plus
765 2883 866 2919 haut
894 2883 1009 2918 ulte—

1082 1220 1230 1254 riora:
1261 1229 1313 1253 au
1341 1228 1489 1263 moyen
1522 1218 1570 1253 de
1597 1228 1639 1253 ce
1668 1218 1766 1265 qu'il

1082 1277 1133 1301 va
1149 1266 1234 1301 dire
1252 1265 1344 1312 plus
1366 1265 1469 1300 tard.

1129 1315 1362 1357 Prospectu
1378 1314 1679 1356 procedamus.
1701 1311 1763 1347 Cf.

1080 1372 1160 1397 une
1176 1360 1457 1407 comparaison
1484 1360 1706 1396 semblable
1725 1359 1762 1402 3,

1079 1409 1125 1445 10
1152 1412 1191 1444 et.
1214 1419 1315 1456 pour
1350 1407 1386 1443 le
1420 1418 1511 1443 sens
1543 1408 1614 1450 XI,
1644 1409 1680 1449 2,
1713 1407 1762 1443 3:

1080 1458 1185 1491 amn
1206 1457 1299 1491 alia
1315 1456 1518 1498 elicimus,
1539 1456 1632 1490 alia
1653 1464 1764 1501 quae

1079 1504 1244 1540 dicturi
1254 1513 1407 1538 smnus
1417 1503 1634 1538 intuenda
1647 1506 1764 1544 sunt,-

1079 1553 1158 1594 z'ta,
1206 1561 1304 1588 cam,
1344 1560 1512 1594 semper
1558 1551 1762 1595 coyitalio

1078 1601 1200 1634 ullra
1237 1601 1321 1640 eal,
1352 1599 1399 1632 id
1432 1598 1544 1643 quod
1575 1600 1638 1633 esc
1668 1599 1763 1633 lon—

1075 1648 1175 1691 ,σίας
1212 1646 1403 1691 qaaerit,
1441 1645 1658 1689 quidquid
1685 1655 1762 1681 aa·

1078 1698 1162 1729 lem
1198 1693 1403 1737 repperit,
1442 1693 1760 1737 quodammodo

1075 1743 1194 1786 apud
1221 1740 1477 1776 memoriam
1500 1741 1687 1785 deponit.

1123 1790 1407 1832 Offensanles.
1439 1787 1500 1822 Cf.
1523 1787 1558 1830 3,
1586 1787 1633 1824 20
1664 1789 1703 1823 et:
1720 1787 1760 1824 la

1074 1839 1167 1871 note
1190 1846 1259 1871 sur
1289 1836 1540 1877 offensator.

1119 1884 1276 1918 Brevia
1299 1883 1407 1922 illa,·
1428 1882 1476 1917 de
1497 1884 1625 1917 meme
1640 1882 1675 1926 2,
1692 1882 1755 1918 17:

1075 1931 1188 1965 illud
1209 1930 1429 1975 friylclmn
1451 1934 1491 1965 el
1512 1931 1657 1965 inane.
1683 1930 1757 1965 De—

1073 1980 1246 2014 monstr.
1273 1976 1546 2023 emphatique.

1120 2026 1177 2060 11.
1210 2027 1314 2061 Usus
1348 2022 1650 2060 irrationalis:
1676 2034 1756 2060 une

1072 2073 1259 2119 pratique
1304 2071 1537 2113 irressechie,
1573 2070 1756 2107 mecani-

1073 2131 1163 2166 que.
1202 2121 1262 2155 Cf.
1301 2121 1352 2161 ΙΙ,
1380 2121 1438 2161 15,
1467 2120 1537 2156 23:
1573 2120 1756 2164 quidam

1073 2177 1169 2202 eam
1190 2178 1323 2213 neque
1342 2171 1430 2204 vim
1449 2178 1585 2212 neque
1613 2167 1758 2202 scien-

1075 2215 1183 2250 tiam
1226 2226 1362 2260 neque
1401 2218 1542 2251 artem
1577 2217 1757 2259 patave-

1073 2266 1194 2305 runt,
1217 2265 1291 2298 secl
1325 2264 1541 2299 Critolaus
1563 2273 1674 2298 rsUM
1697 2272 1755 2297 DI-

1073 2314 1203 2351 CENm‘
1219 2315 1345 2363 (nam
1365 2317 1438 2352 hoc
1457 2311 1562 2360 τριὸή
1590 2316 1755 2362 siqnift—

1073 2366 1204 2407 cal)...
1237 2385 1281 2388 —
1317 2364 1565 2400 Rationalis
1586 2363 1688 2398 dans
1717 2362 1756 2397 la

1073 2410 1231 2446 latinite
1254 2411 1454 2457 classique
1484 2413 1543 2446 est
1567 2420 1680 2454 rareg
1703 2419 1755 2444 on

1073 2457 1110 2493 le
1130 2462 1340 2494 rencontre
1369 2469 1471 2505 pour
1495 2457 1536 2492 la
1562 2457 1756 2503 premiere

1074 2505 1195 2540 miere
1216 2505 1292 2541 fois
1311 2506 1412 2541 dans
1432 2505 1472 2540 la
1486 2505 1605 2541 Rhe't.
1628 2504 1654 2539 ὰ
1669 2506 1756 2539 He-

1074 2554 1273 2595 rennius,
1309 2553 1361 2596 ΙΙ,
1396 2553 1455 2595 1⁴2.
1477 2552 1536 2588 18.
1568 2553 1757 2586 Irratl'o-

1075 2601 1192 2635 nalt's
1225 2611 1274 2635 ne
1308 2600 1367 2646 s’y
1408 2601 1618 2635 rencontre
1655 2609 1753 2644 pas3

1074 2646 1214 2729 Q3uint.
1241 2647 1441 2694 l'emploie
1460 2647 1511 2682 ici
1533 2650 1571 2682 et
1586 2646 1694 2687 VIII,
1716 2646 1752 2689 6,

1121 2742 1272 2784 Quam,
1331 2752 1407 2788 qne
1456 2741 1636 2776 donnent
1696 2739 1754 2775 les

1073 2788 1278 2824 meilleurs
1320 2789 1395 2824 Ms.
1428 2790 1467 2823 et
1497 2798 1578 2823 non
1615 2797 1750 2832 quem.

1073 2835 1150 2870 Sur
1170 2838 1271 2871 cette
1294 2836 1569 2872 construction
1598 2835 1652 2870 du
1688 2845 1753 2870 re—

1071 2881 1174 2925 latis.
1197 2883 1248 2918 ef.
1270 2884 1305 2924 1,
1327 2883 1398 2919 112
1414 2885 1453 2919 et
1472 2882 1513 2918 la
1533 2884 1626 2918 note
1640 2882 1664 2917 a
1679 2882 1752 2918 hoc
