1997 3231
957 147 1189 187 —100—

447 255 517 291 aut
549 249 799 288 desideretur
831 250 901 285 aut
932 243 1265 297 reprehendatur.
1290 242 1367 282 Sed
1401 242 1522 280 etiam
1548 240 1617 291 qui
1638 251 1797 278 summa

365 318 418 357 10
447 329 527 356 non
554 315 758 366 adpetent,
787 311 1029 351 contendere
1062 309 1194 361 potius
1224 320 1346 359 quam
1376 307 1489 358 sequi
1510 305 1671 344 debent.
1694 305 1797 343 Nam

447 382 517 433 qui
549 381 624 419 hoc
656 379 753 429 agit,
776 381 821 416 ut
853 377 961 428 prior
993 376 1059 424 sit,
1082 374 1264 422 forsitan,
1287 373 1443 411 etiamsi
1473 385 1554 410 non
1578 369 1797 418 transierit,

448 445 649 496 aequabit.
674 444 778 481 Eum
800 454 890 480 vero
912 453 1030 479 nemo
1051 442 1178 490 potest
1197 450 1384 488 aequare,
1397 435 1513 487 cujus
1533 434 1710 483 vestigiis
1725 432 1800 472 sihi

450 511 590 561 utique
609 508 879 548 insistendum
900 509 1012 557 putat
1031 517 1038 542 :
1062 516 1224 542 necesse
1246 507 1306 541 cst
1326 503 1433 541 enim
1457 514 1615 552 semper
1636 500 1687 538 sit
1713 512 1801 550 pos-

451 577 571 615 terior
597 575 665 626 qui
695 573 892 624 sequitur.
917 571 1030 610 Adde
1058 570 1160 620 quod
1190 570 1427 620 plerumque
1455 567 1611 606 facilius
1632 569 1693 604 est
1712 565 1802 616 plus

451 644 581 681 facere
601 653 723 691 quam
745 639 850 676 idem
871 650 877 674 :
902 640 1053 675 tantam
1076 636 1185 674 enim
1207 634 1485 672 difficultatem
1515 631 1635 670 habet
1658 630 1803 669 simili-

450 707 562 755 tudo,
584 710 629 744 ut
650 718 700 743 ne
722 705 805 755 ipsa
827 702 991 752 quidem
1012 705 1155 739 natura
1177 700 1217 738 in
1246 700 1319 737 hoc
1350 699 1403 737 ita
1430 697 1636 746 evaluerit,
1660 700 1704 734 ut
1724 708 1804 734 non

450 783 513 808 res
533 781 636 820 quae
666 766 893 805 simillimae
920 776 1102 814 quaeque
1132 775 1247 814 pares
1269 762 1442 800 maxime
1470 760 1696 808 videantur,
1719 758 1802 796 uti—

451 848 528 885 que
560 831 794 871 discrimine
826 830 957 879 aliquo
989 830 1285 867 discernantur.
1321 827 1433 865 Adde
1465 825 1586 876 quod,
1609 823 1804 875 quidquid

452 899 565 938 alteri
587 898 717 937 simile
738 899 812 945 est,
836 907 1000 933 necesse
1021 898 1081 932 est
1102 894 1238 931 minus
1261 893 1310 930 sit
1332 905 1392 941 ee,
1416 892 1521 942 quod
1542 891 1739 940 imitatur,
1763 893 1808 927 ut

375 965 421 1005 11
455 964 598 1003 umbra
620 974 784 1013 corpore
805 964 844 998 et
863 959 993 1008 imago
1015 958 1114 996 facie
1135 962 1174 996 et
1202 962 1315 995 actus
1341 957 1585 994 histrionum
1606 955 1711 993 veris
1731 954 1805 993 ad-

455 1029 640 1067 fectibus.
679 1026 793 1073 Quod
825 1026 867 1063 in
900 1023 1146 1062 orationibus
1179 1034 1337 1073 quoque
1368 1022 1513 1060 evenit.
1537 1022 1722 1071 Namque
1741 1020 1806 1070 iis,

452 1107 554 1145 quae
578 1094 619 1132 in
650 1092 881 1143 exemplum
907 1089 1180 1136 adsumimus,
1204 1088 1342 1126 subest
1372 1091 1516 1125 natura
1543 1090 1582 1124 et
1610 1098 1703 1124 vera
1734 1085 1807 1134 vis,

457 1164 594 1199 contra
620 1158 751 1197 omnis
776 1156 946 1195 imitatio
978 1155 1080 1192 facta
1112 1158 1173 1192 est
1204 1158 1243 1191 et
1271 1153 1319 1191 ad
1353 1152 1530 1190 alienum
1562 1151 1810 1202 propositum

376 1226 428 1264 ‘122
457 1223 795 1264 accommodatur.
820 1222 907 1268 Quo
930 1221 973 1258 fit
993 1224 1037 1258 ut
1058 1220 1194 1258 minus
1216 1218 1425 1267 sanguinis
1445 1231 1490 1256 ac
1512 1217 1659 1255 virium
1679 1217 1808 1255 decla-

460 1291 655 1329 mationes
676 1288 852 1326 habeant
871 1299 993 1337 quam
1015 1285 1231 1334 orationes>
1253 1284 1357 1335 quod
1380 1284 1420 1321 in
1443 1283 1521 1321 illis
1550 1295 1658 1330 vera,
1681 1283 1723 1320 in
1749 1282 1813 1320 his

459 1354 684 1394 adsimilata
719 1352 886 1390 materia
924 1354 1003 1389 est.
1045 1350 1158 1388 Adde
1197 1349 1302 1399 quod
1342 1361 1403 1395 ea,
1439 1361 1541 1398 quae
1580 1348 1621 1386 in
1660 1350 1813 1385 oratore

463 1420 638 1458 maxima
656 1421 766 1467 sunt,
789 1416 999 1454 imitabilia
1029 1428 1109 1453 non
1137 1418 1246 1463 sunt,
1277 1414 1502 1464 ingenium,
1526 1413 1715 1462 inventio,
1738 1412 1811 1460 vis,

462 1485 630 1524 facilitas
667 1487 704 1522 et
741 1482 937 1533 quidquid
971 1485 1056 1519 arte
1090 1494 1168 1519 non
1202 1480 1387 1518 traditur.
1411 1479 1585 1529 Ideoque
1619 1479 1811 1530 plerique,

384 1590 495 1626 altos
548 1587 747 1626 densius,
793 1586 912 1628 apud
957 1585 1067 1620 altos

382 1638 567 1683 fortasse
591 1634 757 1668 rarius.

426 1684 484 1719 10.
497 1684 553 1717 Su
562 1691 687 1715 mma.
698 1679 759 1714 Cf.
772 1679 803 1720 Ι,
814 1679 872 1714 19.
883 1688 1066 1725 prooem:

385 1732 516 1767 Nobis
537 1730 594 1764 act
613 1737 783 1764 summa
802 1728 1068 1761 tenctendmn

388 1782 517 1818 est‚·...
540 1777 724 1811 altius...
756 1775 878 1809 ibunt
905 1774 979 1818 qut
1013 1774 1070 1808 ad

387 1834 562 1862 summa
590 1825 807 1858 nitentur.

445 1873 595 1917 Utique
648 1886 687 1900 :-
737 1870 857 1904 omni
916 1869 1037 1902 modo
1058 1878 1071 1909 ;

390 1931 487 1957 avec
502 1919 539 1953 la
557 1917 769 1960 negation:
795 1917 917 1950 nullo
935 1917 1070 1949 modo.

390 1969 485 2005 SEN.
509 1969 583 2010 Ep.
603 1965 651 2001 85
673 1963 1073 2008 :aubernatortpro-

385 2016 581 2060 positum
600 2015 662 2047 est
682 2012 833 2055 utiquc
848 2020 1003 2045 navem
1027 2010 1073 2044 tn

385 2065 564 2108 portum
586 2061 837 2103 perducere.

439 2107 743 2144 Discrz'mtne...
762 2106 1076 2140 discernantur

466 2154 710 2200 Negligence
749 2152 796 2187 de
843 2151 968 2197 style:
1028 2151 1076 2186 de

395 2207 525 2240 meme
547 2203 658 2237 adde
680 2202 804 2245 quod,
819 2199 950 2246 repete
964 2199 987 2233 a
999 2208 1078 2234 une

395 2253 542 2299 phrase
573 2249 619 2283 de
642 2248 855 2291 distanceg
889 2246 981 2292 puis
1014 2257 1079 2281 en-

398 2309 488 2335 core
509 2307 564 2332 un
586 2306 663 2342 peu
683 2295 777 2342 plus
794 2295 881 2330 bas.
901 2294 959 2328 12.

445 2346 508 2381 11.
542 2346 671 2378 Actus
702 2343 995 2376 histrionum:
1025 2340 1080 2374 Le

402 2396 472 2429 ἅμα
492 2393 564 2426 cles
585 2393 771 2425 cte-teum.
791 2388 853 2423 Cf.
877 2388 943 2430 VI,
964 2388 1000 2427 Q,
1015 2386 1078 2421 35:

403 2441 495 2475 vt'dt'
517 2448 589 2483 eyo
611 2447 731 2480 saepe
754 2437 986 2470 histriones
1013 2436 1084 2468 at-

404 2497 484 2534 que
507 2485 737 2524 comoedos,
751 2493 848 2518 cum
866 2493 919 2518 cx
936 2483 1084 2526 atiquo

406 2535 606 2581 yraz-tore
634 2534 731 2567 actu
755 2540 990 2574 personam
1020 2530 1085 2563 de-

402 2582 652 2628 posuissent
717 2579 869 2623 flentes
943 2577 1086 2612 adhuc

408 2629 567 2675 egli-esti.

450 2678 627 2712 Natura
657 2676 697 2708 et
730 2682 831 2707 vera
869 2672 932 2706 cis
972 2670 1089 2717 equi—

411 2724 545 2760 vauta
571 2733 577 2757 :
602 2721 826 2756 naturalis
849 2722 952 2755 et...

459 2773 618 2809 Factam
655 2767 830 2802 d’autres
854 2775 861 2800 :
903 2767 1018 2811 ficta.
1056 2764 1090 2800 11

414 2819 516 2865 n'ya
537 2827 610 2864 pas
632 2815 714 2850 lieu
732 2814 779 2850 de
800 2813 943 2859 rejeter
962 2812 1001 2847 la
1029 2812 1091 2847 le-

1133 1593 1207 1626 qon
1233 1582 1302 1617 ‹les
1326 1581 1530 1616 meilleurs
1552 1581 1644 1622 Ms.‚
1671 1580 1817 1625 facere

1133 1631 1260 1674 ayant
1283 1630 1584 1675 frequemment
1604 1628 1641 1663 le
1663 1639 1754 1664 sens
1770 1628 1818 1663 de

1133 1679 1321 1724 fiumen-Q·
1339 1676 1367 1711 il
1396 1688 1418 1711 a
1448 1676 1623 1711 subsiste
1652 1676 1754 1711 dans
1783 1675 1820 1710 le

1136 1727 1219 1760 mot
1242 1724 1419 1767 francais
1444 1724 1616 1768 ftzcttce.
1641 1724 1711 1770 qui
1731 1734 1820 1758 con-

1135 1772 1249 1808 vient
1266 1771 1330 1807 ici.

1184 1820 1242 1854 173.
1281 1820 1538 1863 Sangsutnt's.
1571 1819 1634 1854 Cf.
1669 1819 1705 1860 1,
1741 1817 1817 1853 60:

1137 1867 1391 1902 Plurimum
1422 1867 1653 1910 sanquinis
1691 1869 1821 1910 atque

1139 1924 1372 1949 nervorum
1409 1914 1464 1957 (in
1497 1913 1821 1958 Archilocho),et

1138 1962 1232 1996 1123:
1264 1971 1414 1995 verum
1435 1961 1700 2005 sanquinem
1727 1970 1824 2005 per-

1140 2009 1302 2043 didisse
1326 2007 1544 2055 (Calvum).

1188 2057 1239 2090 In
1274 2056 1410 2090 illis...
1450 2057 1497 2090 tn
1532 2057 1612 2091 lzt's.
1654 2054 1730 2091 Les
1753 2055 1825 2090 de-

1140 2103 1396 2138 monstratifs
1418 2105 1510 2139 sont
1546 2104 1597 2139 ici
1618 2102 1825 2150 employes

1142 2151 1165 2185 a
1202 2150 1390 2195 reboursg
1430 2151 1636 2197 lorsqu⁷0n
1677 2159 1826 2197 oppose

1142 2198 1247 2233 deux
1280 2198 1409 2243 objets
1438 2209 1512 2245 par
1533 2199 1601 2234 hic
1628 2200 1667 2233 et
1688 2199 1775 2239 itte,
1799 2195 1827 2231 il

1143 2247 1240 2292 peut
1270 2245 1421 2280 arriver
1453 2256 1529 2292 que
1563 2246 1630 2281 hic
1647 2245 1825 2291 designe‚

1145 2304 1226 2328 non
1285 2292 1387 2327 celui
1433 2293 1502 2339 qui
1547 2296 1607 2328 est
1649 2292 1686 2328 le
1736 2291 1828 2338 plus

1146 2339 1367 2386 rapproche
1398 2339 1827 2385 grammaticalement.

1146 2388 1249 2422 mais
1271 2387 1373 2422 celui
1394 2388 1463 2433 qui
1485 2387 1573 2422 l'est
1594 2387 1641 2422 de
1662 2387 1702 2422 la.
1736 2396 1830 2434 pen-

1148 2435 1225 2470 see.
1245 2434 1307 2470 Cf.
1329 2434 1377 2469 K.
1401 2434 1452 2474 II,
1475 2435 1556 2474 454,
1579 2435 1614 2470 5.

1194 2484 1295 2516 Arte
1318 2492 1403 2517 non
1431 2483 1648 2517 traditur.-
1678 2492 1722 2517 ce
1755 2481 1831 2526 qui

1150 2539 1202 2564 ne
1234 2531 1461 2573 s’apprencl
1490 2539 1572 2573 pas
1611 2529 1638 2563 ἀ,
1678 2530 1829 2564 Z'e'cole.

1151 2577 1257 2611 Pom·
1286 2576 1321 2611 le
1354 2576 1452 2611 fond
1473 2576 1520 2611 de
1540 2576 1580 2611 la
1598 2577 1757 2622 pensee‚
1781 2575 1830 2610 ef.

1151 2624 1336 2663 BUFFON,
1370 2624 1477 2658 Disc.
1511 2635 1589 2658 sur
1623 2625 1661 2659 Ze
1694 2624 1800 2667 style
1821 2633 1834 2656 .·

1157 2686 1167 2701 a
1196 2670 1249 2705 Ils
1285 2670 1517 2706 travaillent
1547 2682 1616 2705 sur
1650 2670 1709 2705 les
1729 2671 1834 2705 mots

1154 2720 1192 2752 et
1213 2718 1470 2763 s'imaginent
1504 2718 1619 2752 avoir
1651 2716 1835 2753 combine

1154 2765 1223 2800 des
1259 2765 1380 2808 iddes,
1403 2775 1518 2811 parce
1540 2764 1658 2811 qu’ils
1680 2768 1750 2800 ont
1768 2774 1836 2798 ar-

1155 2813 1278 2858 range
1298 2813 1366 2848 des
1387 2812 1567 2859 phrases,
1590 2815 1662 2848 etc.
1683 2826 1696 2843 »
