1997 3231
154 259 304 298 dixisse
323 259 359 298 ei
381 262 571 296 nocuerat
589 269 595 295 :
620 256 688 296 sed
703 257 852 295 elatum
866 254 1026 294 abunde
1044 255 1230 306 spiritum
1252 257 1289 292 et
1309 253 1481 293 audaces

155 325 373 363 sententias
394 322 671 374 deprehendas
691 322 810 360 etiam
840 321 883 359 in
915 320 994 370 his,
1032 332 1134 370 quae
1156 323 1335 358 manent.
1375 319 1479 359 Sunt

153 394 191 429 et
224 390 291 428 alii
322 389 534 440 scriptores
563 387 673 437 boni,
707 387 776 426 sed
812 398 884 424 nos
916 397 1062 435 genera
1096 384 1372 435 degustamus,
1397 397 1477 422 non

153 455 414 494 bibliothecas
433 453 674 492 excutimus.

204 520 391 559 Oratores
410 531 502 557 vero
534 518 595 556 vel
623 517 835 569 praecipue
856 516 1022 556 latinam
1043 516 1313 566 eloquentiam
1337 528 1475 568 parem
1504 514 1585 553 ‘105

151 586 282 625 facere
300 597 464 635 graecae
502 587 670 635 possunt
688 596 695 621 :
729 596 824 622 nam
858 583 887 622 C
903 583 913 621 i
931 596 951 621 0
967 596 988 621 6
1002 595 1022 621 r
1037 596 1058 620 o
1076 595 1102 620 n
1116 594 1137 619 e
1152 594 1193 619 m
1235 582 1476 632 cuicumque

153 664 292 690 eorum
328 650 484 689 fortiter
520 649 790 701 opposuerim.
837 649 920 687 Nec
953 649 1110 699 ignoro,
1146 652 1341 698 quantam
1378 647 1478 685 mihi

152 783 249 808 avec
270 772 445 808 d'autres
460 771 578 808 ecrits
591 770 837 818 jusqu'alors

153 821 313 867 reputes
368 820 567 855 seditieux
587 846 596 862 ,
642 830 742 854 ceux
788 819 834 853 de

152 868 357 903 Labienus
391 871 430 903 et
462 867 510 902 de
533 866 700 902 Cassius
721 868 835 902 Seve-

151 925 234 956 rus,
257 915 378 951 remis
400 925 449 950 en
482 914 720 950 circulation
739 924 834 949 sous

151 962 363 1008 Caligula,
409 963 513 997 mais
553 962 750 1008 expurges
787 961 835 997 de

151 1010 258 1045 leurs
289 1010 382 1057 plus
401 1010 573 1056 grandes
592 1009 832 1044 hardiesses.

151 1057 257 1093 C'est
293 1067 334 1093 ce
367 1067 444 1103 que
475 1061 574 1092 veut
606 1057 713 1092 dire:
747 1057 835 1092 cir—

151 1105 355 1141 cumcisis
388 1115 499 1150 quae
521 1105 685 1140 dixisse
705 1105 743 1139 ei
768 1113 835 1140 no-

151 1156 347 1188 cuerat...
367 1153 414 1187 in
436 1153 500 1187 his
522 1162 631 1197 quae
655 1154 835 1186 manent

152 1227 197 1231 —
229 1207 425 1241 Libertas
455 1219 497 1232 Ξ
529 1201 728 1250 παρρησία.
764 1205 828 1241 Cf.

154 1253 247 1301 plus
277 1254 378 1288 haut
409 1254 455 1289 65
487 1256 525 1288 et
559 1256 606 1288 §.³4
646 1263 743 1288 avec
778 1253 835 1287 les

153 1304 269 1336 notes
291 1311 361 1336 sur
381 1311 422 1336 ce.
442 1304 539 1335 mot.

199 1352 311 1384 Sunt
343 1352 383 1384 et
415 1350 527 1383 atii..
559 1348 619 1384 On
640 1348 741 1383 n'est
762 1358 834 1393 pas

150 1396 296 1432 etonne
332 1406 409 1442 que
430 1396 566 1438 Quint.
590 1396 647 1430 ait
667 1395 770 1431 omis
788 1395 835 1430 de

151 1454 336 1480 nommer
371 1445 674 1490 expressement
693 1444 836 1478 Corne-

150 1490 230 1526 lius
268 1492 416 1537 Nepos,
457 1491 614 1536 Trogue
647 1491 833 1536 Pompee.

152 1539 328 1574 Velleius
382 1538 617 1573 paterculus
635 1565 643 1581 ,
698 1535 836 1573 Valere

151 1586 329 1621 Maxime
341 1589 380 1621 et
390 1585 688 1628 Quinte-Curoe
702 1595 714 1629 3
734 1585 836 1619 mais

153 1644 205 1669 on
227 1634 360 1669 aurait
378 1633 504 1668 voulu
526 1644 602 1679 que
624 1633 745 1668 Cesar
769 1634 837 1667 eut

154 1692 198 1716 sa
232 1681 344 1728 place
375 1680 507 1728 parmi
533 1681 591 1716 les
618 1680 836 1715 historiens

153 1728 274 1764 utiles
307 1729 331 1763 a
359 1728 560 1764 l‘orateur.
592 1727 626 1762 Il
657 1730 717 1762 est
748 1727 837 1761 vrai

154 1786 232 1822 que
262 1776 303 1811 la
328 1786 447 1820 pura
480 1779 520 1811 et
541 1775 732 1810 illustris
750 1776 836 1809 bre-

154 1824 266 1859 vitas
288 1825 335 1858 in
358 1824 543 1859 historia
560 1823 628 1869 qui
647 1822 837 1857 ravissait

154 1871 343 1906 l'orateur
386 1871 552 1906 Ciceron
598 1872 737 1916 (Brut.
776 1870 834 1910 75,

152 1920 236 1962 262)
276 1919 411 1954 (levait
453 1918 580 1965 plaire
624 1918 836 1964 beaucoup

154 1967 286 2002 moins
304 1976 356 2001 au
371 1967 532 2001 rheteur
543 1965 779 2008 Quintilien.
792 1985 838 1989 —

154 2021 390 2064 Scriptores
421 2033 462 2046 =
494 2020 734 2063 συγγραφεῖς,
774 2018 837 2053 de-

155 2068 268 2113 signe
289 2070 449 2102 surtout
467 2066 526 2102 les
543 2067 775 2101 historiens.

202 2117 505 2159 Deyustamus.
536 2114 598 2149 Cf.
626 2113 719 2160 plus
747 2113 835 2155 bas,

154 2161 190 2205 5,
208 2162 279 2197 22:
315 2162 543 2197 inchoatae
565 2164 605 2196 et
625 2160 751 2205 quasi
771 2162 838 2195 de-

154 2212 370 2254 yustatae.
394 2209 506 2244 Nous
521 2218 648 2243 avons
663 2207 702 2242 la
716 2208 838 2242 meta-

155 2257 281 2303 phore
300 2258 518 2301 effleurer.
540 2256 603 2291 Cf.
624 2256 694 2291 45:
717 2265 838 2299 yene-

155 2314 208 2339 ra
249 2306 343 2348 ipsa
381 2305 660 2339 lectionum...
688 2312 839 2346 perse-

155 2362 275 2396 quor.

205 2401 363 2435 Parem
375 2399 534 2444 facere.
548 2397 713 2433 Ciceron
728 2396 839 2431 avait

157 2445 248 2492 deja
282 2447 455 2482 foi-mule
492 2456 571 2481 une
610 2444 839 2491 pretention

157 2493 356 2540 analogue
377 2495 399 2528 a
429 2504 577 2540 propos
599 2501 647 2527 ue
668 2492 839 2527 Crassus

157 2544 196 2576 et
227 2541 455 2576 d'Antoine.
488 2543 614 2575 Brut.
644 2541 704 2582 1:30,
744 2540 838 2583 1:383

158 2589 206 2622 in
239 2589 306 2624 his
333 2590 533 2633 primum
554 2597 652 2623 cum
673 2595 839 2631 yraeco-

158 2646 259 2670 rum
301 2638 444 2681 yloria
488 2636 625 2670 latine
668 2634 840 2671 dicendi

157 2685 325 2728 copiam
346 2686 596 2728 aequatam.

205 2731 462 2766 Ciceronem.
503 2730 587 2776 (106
623 2729 646 2764 a
683 2726 729 2763 43
767 2737 834 2764 av.

159 2777 181 2813 J
186 2777 413 2822 .-C.)TEUF.
425 2777 496 2813 175
507 2779 546 2812 et
557 2776 662 2812 suiv.
678 2775 839 2811 BERNH.

157 2825 228 2861 799
249 2827 287 2860 et
306 2825 410 2861 suiv.

207 2873 482 2919 Cuicumque.
519 2872 695 2908 Pronom
726 2870 843 2906 inde-

899 770 983 814 fini,
1007 780 1096 806 rare
1119 780 1216 806 avec
1236 780 1277 805 ce
1300 780 1391 806 sens
1412 769 1506 805 chez
1529 767 1585 803 les

899 818 1121 864 classiques
1153 820 1207 863 (v.
1240 818 1458 857 DRAEGER,
1481 817 1586 851 His-

901 869 979 901 ior.
1008 868 1192 910 Syntaoe.
1227 865 1258 909 Ι,
1293 867 1377 910 102)
1399 865 1585 911 frequent

899 914 991 948 chez
1013 914 1150 955 Quint.
1172 923 1276 960 pour
1293 915 1488 958 quisque.

946 961 1136 996 Fortiter
1173 970 1269 995 avec
1306 961 1343 995 16
1365 958 1589 1006 subjonctif

900 1008 948 1044 de
983 1008 1261 1043 l'affirmation
1294 1007 1473 1051 adoucie‚
1500 1007 1587 1042 for—

900 1055 1009 1091 mule
1030 1055 1186 1091 usuelle
1204 1055 1297 1090 chez
1318 1056 1469 1098 mer.
1493 1054 1524 1097 Ι,
1547 1054 1583 1097 5,

899 1104 966 1138 72ε
989 1104 1166 1148 fortiter
1185 1102 1502 1144 diceremus.V‚
1524 1102 1584 1144 10,

900 1151 945 1185 ῖδ
981 1161 987 1186 ;
1041 1151 1283 1195 fortiter...
1327 1151 1580 1194 junxerim.

900 1198 998 1233 Plus
1021 1198 1135 1242 haut,
1157 1198 1225 1233 101
1251 1207 1258 1233 ;
1284 1208 1359 1233 nec
1378 1206 1586 1242 opponere

968 1256 1136 1282 verear.

948 1301 1167 1338 Quantam
1216 1309 1459 1344 pussnam...

903 1350 1103 1391 tempore.
1122 1347 1177 1382 Le
1199 1347 1328 1382 talent
1350 1347 1397 1382 de
1418 1347 1587 1382 Ciceron

901 1395 999 1430 etait
1032 1396 1210 1430 conteste
1243 1395 1332 1440 deja
1365 1394 1412 1429 de
1441 1404 1513 1429 son
1532 1393 1589 1428 vi-

900 1445 999 1477 vant.
1034 1442 1147 1487 (Tac.
1184 1443 1297 1476 Diat.
1331 1442 1390 1486 18)
1419 1440 1586 1476 Asinius

901 1489 1110 1524 Ρο111ο1116
1139 1489 1293 1535 jugeait
1322 1489 1584 1530 severement‚

901 1537 1038 1579 Quint.
1080 1537 1139 1572 dit
1170 1547 1177 1571 :
1232 1538 1365 1571 etiam
1406 1536 1585 1571 inimice

903 1584 1007 1630 (ΧΠ,
1039 1585 1073 1624 1,
1108 1584 1195 1628 22>3
1228 1594 1300 1619 son
1332 1583 1396 1619 fils
1421 1583 1586 1618 Asinius

901 1632 1044 1667 Gallus
1078 1632 1188 1666 avait
1215 1631 1312 1666 ecrit
1332 1642 1388 1666 un
1409 1640 1586 1676 ouvrage

902 1679 1031 1714 refute
1051 1689 1124 1726 par
1143 1678 1380 1725 l³empereur
1406 1678 1559 1714 Claude
1576 1688 1584 1712 :

906 1728 956 1762 (Ze
1001 1728 1323 1770 comparatione
1366 1727 1514 1770 patris
1547 1728 1587 1760 et

902 1776 1118 1810 Ciceronis
1141 1775 1270 1819 (me.
1289 1775 1367 1817 Ep.
1398 1773 1483 1817 VII,
1506 1773 1530 1808 4
1549 1774 1588 1807 et

902 1822 1025 1857 Sum.
1058 1823 1208 1856 Claud.
1243 1822 1303 1866 41)
1324 1822 1374 1856 ou
1398 1820 1588 1856 l’orateur

902 1870 1000 1904 etait
1011 1869 1090 1904 fort
1101 1868 1301 1903 malmene
1316 1879 1323 1903 1
1341 1870 1585 1904 Ciceronem

895 1927 1059 1961 parum
1084 1918 1253 1961 integrre
1285 1919 1414 1961 atque
1434 1917 1588 1959 impro-

895 1966 994 2009 prie
1016 1967 1145 2009 atque
1179 1965 1503 1999 inconsiderate
1527 1964 1589 1998 Ζο-

903 2016 1053 2047 cutum
1087 2011 1342 2057 (Arch-GEL.
1378 2010 1506 2053 XVII,
1534 2011 1587 2055 1).

901 2061 966 2094 Au
984 2062 1115 2105 temps
1137 2062 1266 2094 meme
1293 2058 1340 2093 de
1367 2057 1588 2101 Quintilian

902 2117 958 2141 un
1002 2106 1153 2141 certain
1205 2106 1378 2152 Largius
1423 2106 1588 2140 Licinus

902 2154 1062 2199 redigea
1096 2164 1150 2188 un
1192 2154 1503 2189 Ciceromastix
1536 2153 1589 2187 ou

903 2201 943 2236 la
964 2202 1075 2236 these
1091 2200 1139 2235 de
1153 2200 1296 2236 Gallus
1311 2201 1409 2236 etait
1425 2200 1586 2246 reprise.

903 2249 1007 2283 Mais
1052 2248 1148 2283 c'est
1189 2248 1290 2283 dans
1333 2248 1371 2283 le
1407 2247 1589 2283 discours

905 2295 1050 2343 d'Aper
1095 2297 1222 2340 (Diat.
1262 2296 1323 2341 22)
1366 2294 1463 2341 qu'il
1500 2295 1590 2330 saut

905 2343 1095 2379 0116101161·
1128 2342 1390 2390 l’expression
1422 2342 1461 2377 la
1498 2342 1589 2389 plus

906 2391 1072 2426 vivante
1090 2390 1138 2426 de
1158 2390 1197 2425 la
1219 2395 1475 2426 controverse
1490 2393 1512 2425 a
1536 2389 1589 2424 la-

906 2438 1039 2485 quelle
1077 2437 1301 2480 Quintilien
1340 2448 1463 2484 pense
1486 2437 1591 2472 s'ex—

906 2496 1024 2533 poser
1056 2495 1105 2521 en
1141 2485 1323 2521 ecrivant
1353 2487 1455 2520 cette
1476 2494 1590 2531 page.

906 2533 1131 2569 L'eminent
1168 2533 1342 2576 rheteur.
1383 2542 1457 2578 par
1506 2534 1592 2566 tout

908 2597 981 2622 son
1003 2586 1318 2632 enseignement,
1355 2585 1483 2631 reagit
1504 2594 1594 2620 con-

910 2636 968 2669 tre
1006 2633 1143 2669 l'eoole
1186 2633 1454 2680 personnifiee
1491 2632 1592 2666 dans

908 2683 1016 2728 Aper
1037 2683 1075 2716 et
1096 2682 1203 2716 tente
1231 2681 1279 2716 de
1300 2689 1498 2721 ramener,
1520 2689 1593 2724 par

907 2728 1120 2775 l'exemple
1141 2731 1180 2763 et
1199 2738 1273 2774 par
1292 2727 1329 2762 16
1348 2727 1546 2773 pret-epte,
1570 2726 1593 2760 a

906 2775 1139 2811 l'imitation
1160 2776 1208 2810 de
1236 2775 1417 2817 ciceron,
1439 2783 1593 2809 comme

907 2823 937 2858 il
968 2834 1009 2859 se
1039 2823 1153 2859 flatte
1183 2822 1249 2868 d'y
1285 2825 1366 2856 etre
1406 2821 1592 2856 retourne

906 2870 1126 2907 lui-meme.
1162 2870 1390 2905 Mommsen
1421 2869 1513 2905 chez
1534 2868 1591 2904 les

1514 1299 1587 1334 hoc
