1997 3231
797 79 1039 121 —119-

209 179 375 220 Persius
394 184 518 233 notat,
553 194 647 221 cum
677 181 818 222 leviter
852 181 1011 221 dicendi
1043 193 1171 231 genus
1206 180 1420 234 signifieat,
1461 175 1489 223 n
1503 196 1525 223 e
1538 197 1559 223 c

210 246 466 298 pluteum
503 247 697 299 inquit
735 248 924 287 caedit
959 259 1057 286 neo
1089 247 1380 287 demorsos
1412 249 1560 300 sapit

210 324 238 351 u
253 325 279 351 n
293 325 319 363 g
332 325 359 352 u
374 325 395 352 e
409 326 442 361 s,
481 313 603 353 etiarn
623 314 793 353 ridicula
815 317 923 364 sunt,
946 313 1025 351 nisi
1045 325 1139 351 cum
1161 313 1232 352 soli
1253 326 1410 353 sumus.
1442 315 1562 354 Deni-

210 391 289 430 que
319 382 364 417 ut
396 380 535 430 semel,
572 380 678 431 quod
718 383 778 419 est
799 378 1142 431 potentissimum,
1159 378 1290 417 dicam
1311 392 1318 417 :
1343 384 1560 429 secretum,

210 444 317 496 quod
341 444 526 483 dictando
547 445 662 497 perit,
687 449 808 496 atque
828 444 1002 483 liberum
1022 443 1184 482 arbitris
1204 443 1337 483 locum
1366 449 1403 484 et
1439 458 1561 496 quam

210 510 454 549 altissimum
475 511 681 549 silentium
703 509 974 549 scribentibus
994 509 1170 548 maxime
1209 510 1421 550 convenire
1441 523 1560 550 nemo

211 575 465 616 dubitaverit.

526 576 616 615 Non
651 579 787 615 tamen
821 575 1006 627 protinus
1045 574 1235 613 audiendi
1273 574 1342 626 qui
1394 576 1564 615 credunt
1592 576 1644 615 ,⁶2⁶2

210 641 418 692 aptissima
451 641 493 680 in
524 641 599 680 hoe
635 653 799 680 nemora
829 641 1043 691 silvasque,
1066 640 1171 691 quod
1192 640 1259 679 illa
1280 641 1378 680 caeli
1399 641 1562 681 libertas

209 705 468 758 locorumque
487 707 708 746 amoenitas
728 706 946 745 sublimem
967 706 1151 745 animum
1172 709 1210 744 et
1240 706 1458 746 beatiorem
1480 707 1561 759 spi-

212 772 336 811 ritum
370 777 526 824 parent.

208 837 366 877 diorum
387 839 566 877 hortator
585 838 744 877 videtur
765 850 852 876 esse
874 849 1072 876 secessus.

585 772 686 811 Mihi
721 776 828 811 certe
856 771 1066 822 jucundus
1099 771 1165 810 hic
1186 772 1314 822 magis
1334 785 1456 823 quam
1477 777 1561 811 stu·
1590 771 1641 811 <23

1130 837 1316 888 Namque
1350 837 1433 888 illa,
1457 851 1559 889 quae

205 902 292 954 ipsa
311 903 521 949 delectant,
540 915 703 941 necesse
724 906 783 941 est
803 905 967 941 avocent
987 901 1036 940 ab
1057 901 1279 940 intentione
1300 904 1430 954 operis
1461 904 1551 943 des-

208 969 337 1008 tinati.
360 969 500 1021 Neque
528 969 637 1008 enim
658 981 700 1007 se
731 968 835 1007 bona
868 968 944 1006 side
966 967 1008 1006 in
1040 967 1170 1007 multa
1200 969 1321 1008 simul
1348 970 1556 1009 intendere

209 1089 334 1133 SUET,
357 1091 445 1126 Cal.
466 1090 513 1126 20
531 1101 539 1127 :
561 1091 722 1136 ferulis
743 1092 892 1135 objur-

208 1139 321 1182 gari.
354 1137 449 1173 SEX.
476 1140 532 1174 De
554 1140 638 1183 ira,
667 1139 740 1179 III,
763 1139 822 1182 12,
840 1139 887 1174 6:

207 1186 433 1220 servulum
469 1187 606 1222 istum
646 1187 890 1222 verberibus

208 1233 402 1277 obJurya.

253 1281 449 1322 Persius,
473 1281 562 1316 Sat.
581 1279 613 1322 1,
627 1278 708 1315 106.
729 1278 760 1314 Ι]
777 1279 891 1317 imite

207 1326 378 1370 Horace,
419 1329 508 1363 Sat.
549 1327 581 1366 Ι,
621 1326 680 1366 10,
723 1327 799 1364 71:
842 1331 889 1364 in

208 1385 335 1410 versu
368 1375 567 1420 faciendo
601 1384 726 1418 saepe
760 1380 891 1421 eaput

208 1424 397 1458 scaberet
416 1424 531 1458 vii-os
560 1426 601 1458 et
624 1423 794 1458 roderet
813 1435 890 1458 un-

206 1480 323 1515 ques.
368 1472 591 1506 Demorsos
634 1470 790 1516 signifie
842 1471 890 1507 de

207 1520 363 1553 meme:
395 1519 550 1562 rouqes
566 1519 778 1562 jusqu’au
810 1519 887 1561 vif.

254 1566 422 1600 Leviter
458 1565 633 1604 dicendi
662 1574 822 1609 gyenus;
851 1566 890 1601 la

206 1612 453 1658 negligence‚
480 1612 766 1648 l‘insouciance
787 1613 889 1648 dans

208 1659 246 1695 16
267 1659 418 1695 travail
451 1659 505 1695 du
529 1659 646 1706 style.
680 1659 739 1695 De
761 1663 889 1696 meme

206 1707 299 1754 plus
318 1707 432 1748 haut,
457 1708 527 1743 17:
556 1709 604 1742 in
632 1708 802 1744 rebus...
828 1710 890 1743 le-

207 1755 335 1790 vitas.

253 1803 353 1838 Nisi
379 1812 479 1838 cum
505 1802 600 1838 soli.
635 1801 671 1837 A
697 1811 752 1836 un
774 1801 889 1848 point

207 1848 255 1884 de
280 1859 358 1885 vue
390 1851 480 1885 tout
510 1849 708 1889 different,
749 1849 886 1891 Quint.

206 1896 266 1932 dit
298 1897 399 1932 dans
428 1896 465 1932 16
505 1896 553 1932 ΙθΓ
583 1896 683 1932 livre
719 1895 770 1941 (1,
810 1896 886 1936 31),

206 1943 305 1990 qu'il
326 1945 416 1979 faut
439 1955 497 1979 un
520 1944 748 1980 nombreux
777 1943 889 1978 audi-

207 1992 308 2027 toire
355 2001 458 2039 pour
497 2002 538 2027 se
581 1992 798 2039 pei-mettre
830 1990 888 2026 les

207 2038 344 2074 efforts
366 2039 414 2074 de
444 2041 568 2085 geste,
592 2039 639 2074 de
667 2038 777 2073 debit
797 2039 856 2073 etc
878 2048 885 2073 :

208 2095 294 2121 uon
314 2089 423 2121 esset
454 2087 501 2121 in
526 2087 652 2121 rebus
680 2085 888 2120 humanis

207 2133 468 2177 eloquentia,
502 2134 542 2168 si
581 2135 756 2168 tautum
789 2142 888 2168 cum

206 2181 397 2223 sinqulis
421 2181 709 2225 loqueremur.

252 2227 312 2263 22.
341 2229 564 2263 Protinus.
597 2228 659 2263 Cf.
693 2227 728 2269 1,
752 2225 829 2262 3et
848 2225 889 2261 13

206 2277 375 2310 note.—
396 2276 636 2319 Aptissima
666 2274 758 2309 in...
784 2273 888 2309 Rare

207 2332 256 2357 en
277 2332 419 2369 proseg
443 2322 580 2365 Quint.
604 2321 776 2367 emploie
795 2324 890 2356 tou-

201 2369 316 2416 jours
347 2369 385 2405 Ie
418 2369 524 2404 datif
541 2380 593 2405 ou
626 2371 696 2405 ad.
731 2370 785 2403 In
814 2379 889 2414 par

208 2416 395 2463 analogie
416 2427 514 2452 aveo
544 2426 722 2461 pronus.
752 2416 798 2450 V.
836 2415 886 2450 K.

203 2463 287 2508 232,
300 2464 393 2500 A.2.
407 2464 471 2500 Cf.
489 2464 535 2499 T.
556 2464 647 2505 le,
660 2462 886 2503 XXXVIII,

204 2511 275 2546 21:
307 2521 461 2555 yenere
486 2522 666 2557 puynae
698 2513 744 2545 iu
776 2512 888 2555 quod

208 2559 391 2594 minime
421 2560 514 2602 apti
547 2562 660 2594 sunt.
694 2558 767 2594 Ov.
790 2558 886 2593 Met.

206 2605 310 2646 XIV,
333 2606 428 2642 765:
460 2607 640 2642 Formas
674 2607 779 2641 deus
810 2614 890 2649 ap-

209 2655 279 2688 tus
297 2654 345 2688 in
367 2663 513 2688 omues

254 2701 444 2735 Nemora
495 2701 728 2742 silvasque.
788 2699 887 2736 TAC.

208 2747 321 2782 Dial.
343 2747 402 2783 12.
433 2749 622 2783 Nemora
656 2748 695 2780 et
731 2747 817 2782 luci
850 2751 891 2783 et

953 1093 1167 1126 secretum
1184 1092 1343 1135 ipsum.
1357 1091 1417 1127 Cf.
1433 1092 1456 1127 9
1474 1103 1480 1127 :
1496 1093 1544 1128 in
1562 1104 1640 1128 ue-

955 1148 1076 1174 mora
1090 1141 1129 1173 et
1147 1140 1275 1182 tucos,
1301 1140 1347 1174 id
1369 1143 1444 1175 est.
1468 1141 1514 1175 in
1544 1143 1640 1176 soli-

957 1187 1156 1221 tudinem
1213 1187 1504 1222 reoedendum
1560 1192 1636 1224 est.

953 1233 1061 1268 Pour
1104 1233 1278 1269 l’auteur
1318 1234 1372 1270 du
1425 1236 1638 1280 Dialossue

954 1291 1108 1316 comme
1138 1286 1242 1327 pour
1266 1281 1394 1324 Phne,
1422 1284 1496 1327 Ep.
1526 1282 1557 1318 I.
1589 1284 1637 1319 6:

953 1328 1023 1371 IX,
1046 1328 1155 1372 3o‚6‚
1177 1328 1214 1364 16
1228 1330 1345 1375 poete
1357 1329 1443 1364 doit
1462 1330 1639 1376 precise-

954 1378 1066 1411 ment,
1122 1376 1311 1411 chereher
1364 1376 1637 1424 I’inspiration

954 1423 1056 1458 dans
1077 1422 1134 1458 les
1148 1423 1237 1458 bois
1271 1426 1310 1459 et
1331 1423 1432 1459 dans
1459 1424 1518 1460 les
1547 1424 1637 1460 soli-

954 1470 1083 1506 tudes.
1105 1470 1242 1512 Quint.
1263 1481 1286 1505 a
1316 1471 1452 1506 raison
1473 1471 1520 1507 de
1542 1472 1638 1507 don-

953 1528 1025 1553 ner
1053 1517 1228 1553 d'autres
1261 1518 1432 1554 conseils
1467 1519 1490 1554 a
1524 1519 1639 1555 Fora-

953 1568 1056 1601 teur.

1001 1613 1241 1648 Beatiorem
1276 1614 1499 1658 spiritum.
1532 1613 1640 1650 Pour

954 1661 1139 1705 spiritus
1160 1660 1210 1696 cf.
1244 1661 1280 1704 1,
1303 1661 1350 1696 44
1382 1662 1421 1697 et
1449 1661 1491 1697 13
1517 1665 1638 1707 note3

952 1717 1057 1755 pour
1096 1709 1258 1751 beatus,
1298 1708 1353 1743 ib.
1395 1709 1439 1744 61
1480 1710 1519 1744 et
1554 1709 1635 1745 109.

952 1756 1059 1790 Avec
1091 1766 1147 1790 un
1178 1766 1270 1790 sens
1309 1755 1524 1802 analogue,
1559 1757 1640 1792 Ho-

953 1812 1064 1838 race:
1101 1804 1220 1838 dives
1249 1813 1374 1839 vena.
1408 1804 1452 1837 A.
1474 1805 1523 1839 P.
1553 1804 1635 1840 4119.

999 1850 1058 1885 23.
1093 1851 1207 1896 Ipsa.
1243 1849 1304 1886 Cf.
1337 1850 1429 1898 plus
1451 1851 1552 1886 haut
1566 1852 1634 1887 21:

953 1907 1147 1942 quaeque
1166 1899 1277 1942 ipsa.
1300 1897 1356 1933 Le
1378 1898 1639 1934 demonstra-

954 1944 1005 1980 tif
1029 1947 1118 1989 ipse
1144 1955 1167 1980 a
1194 1949 1368 1981 souvent
1396 1956 1476 1981 une
1496 1945 1639 1981 valeur

953 1992 1185 2028 adverbiale
1231 1995 1271 2028 et
1302 1993 1455 2039 repond
1490 1993 1513 2028 a
1554 2004 1637 2028 sua

953 2043 1116 2083 sponte,
1133 2049 1212 2084 per
1238 2050 1295 2076 se.
1330 2040 1415 2076 Cle.
1452 2042 1502 2076 de
1524 2041 1580 2085 of.
1604 2041 1635 2075 Ι.

952 2086 1012 2129 22,
1033 2088 1079 2122 77
1096 2089 1218 2130 :jam
1247 2089 1367 2132 ipsae
1395 2089 1638 2133 defluebant

953 2144 1141 2170 coronae.
1164 2134 1214 2169 Κ.
1232 2134 1285 2177 ΙΙ,
1306 2135 1393 2170 177.

999 2183 1118 2216 Bona
1153 2183 1259 2227 fide:
1289 2182 1524 2229 expression
1558 2193 1637 2218 em-

952 2229 1122 2274 pruntee
1149 2239 1201 2263 au
1221 2228 1394 2275 langage
1408 2229 1634 2275 judiciaire,

953 2276 1003 2310 ou
1017 2275 1091 2311 6116
1104 2276 1328 2323 s’applique
1343 2287 1425 2312 aux
1436 2277 1635 2312 decisions

953 2322 1166 2359 arbitrales
1186 2324 1358 2359 rendues
1374 2335 1423 2359 en
1437 2324 1636 2360 l'absence

954 2369 1073 2406 d'une
1107 2370 1415 2418 Jurisprudence
1447 2371 1633 2419 positive,

952 2428 1027 2464 par
1060 2417 1291 2453 l'intention
1318 2418 1550 2465 impartiale
1581 2418 1634 2453 du

949 2465 1133 2511 jugeJci,
1145 2464 1222 2501 elle
1232 2465 1389 2512 signifie
1405 2476 1495 2511 que,
1505 2468 1635 2500 menie

953 2522 1059 2547 saus
1074 2514 1292 2557 eapituler
1301 2523 1395 2548 avec
1406 2512 1442 2547 13
1457 2522 1634 2559 paresse.

953 2570 1009 2594 un
1028 2560 1154 2605 esprit
1182 2560 1370 2595 studieux
1393 2561 1454 2594 est
1475 2559 1636 2594 distrait

952 2617 1027 2653 par
1057 2606 1116 2642 les
1162 2607 1346 2642 charmes
1374 2606 1491 2641 d’une
1529 2606 1635 2641 belle

953 2656 1111 2689 nature.
1135 2654 1192 2688 Cf.
1218 2655 1301 2689 C1c.
1324 2655 1374 2688 de
1390 2655 1461 2696 off.
1483 2653 1555 2694 III,
1572 2653 1632 2694 15,

953 2702 1024 2736 61:
1047 2703 1142 2737 sine
1167 2701 1459 2745 Zeqejudieiis’,
1479 2701 1527 2735 in
1542 2702 1634 2746 qui-

954 2749 1030 2784 bus
1051 2749 1236 2784 additur
1255 2758 1364 2783 BONA
1384 2758 1495 2783 ΗΒΕ.
