1997 3231
853 182 1090 225 —103—

238 283 306 324 bet
337 283 437 324 illud
468 282 660 334 frigidum
688 286 727 322 et
757 281 877 322 inane
911 284 1157 333 extulerunt,
1186 284 1362 336 antiquis
1393 297 1436 324 se
1468 297 1588 338 pares

237 350 426 398 credunt3
445 349 514 400 qui
534 352 671 387 carent
689 348 800 387 cultu
819 352 939 399 atque
958 350 1181 398 sententiis,
1199 350 1321 389 Attici
1337 349 1490 399 silicet,
1513 351 1584 402 qui

238 415 428 468 praecisis
461 413 786 454 conclusionibus
819 414 994 464 obscuri,
1024 414 1261 454 Sallustium
1289 419 1408 466 atque
1427 417 1586 468 Thucy-

237 482 373 520 didem
408 484 600 532 superant
620 493 630 528 3
661 480 795 518 tristes
815 492 860 518 ac
890 479 1021 531 jejuni
1053 480 1274 519 Pollionem
1296 482 1552 521 aemulantur
1574 496 1584 531 ;

237 546 351 584 otiosi
371 549 410 584 et
429 545 578 597 supini,
613 545 646 582 si
666 544 762 595 quid
783 545 899 582 modo
925 545 1084 595 longius
1114 546 1490 597 circumduxerunt,
1508 547 1582 598 ju-

238 615 329 650 rant
359 612 414 651 ita
446 611 678 650 Ciceronem
712 609 941 649 locuturum
974 611 1113 649 fuisse.
1136 611 1334 650 Noveram
1371 613 1582 664 quosdam,

240 732 344 779 style
378 732 473 768 bien
508 742 654 775 connu,
681 731 797 774 froid,
825 731 918 767 vide

239 782 277 816 et
299 790 392 815 sans
405 778 570 815 couleur
583 790 659 825 que
676 789 738 814 ses
751 778 916 825 adeptes

235 827 478 874 justifiaient
518 837 566 862 en
607 826 865 862 l'attribuant
896 827 919 861 a

239 876 412 911 cert-ains
433 875 610 910 anciens.
628 874 673 910 V.
686 874 787 909 TAC.
802 874 916 909 Dial.

240 924 356 958 Orat.
398 922 476 958 18:
521 924 626 957 sunt
672 922 790 956 enim
825 922 919 956 hor-

238 971 329 1005 ridi
357 973 397 1005 et
423 969 694 1013 incompositi
725 971 765 1004 et
786 970 918 1004 rudes

244 1021 284 1053 et
303 1017 515 1062 informes
539 1020 580 1052 et
609 1026 712 1061 quos
742 1017 917 1051 utinam

239 1066 367 1100 nulla
399 1067 529 1109 parte
560 1065 766 1099 imitatus
808 1067 917 1099 esset

239 1114 393 1148 Calvus
442 1115 591 1154 vester,
637 1114 715 1146 aut
748 1112 919 1147 Caelius

237 1163 318 1196 aut
345 1161 434 1204 ipse
470 1160 624 1195 Cicero.
656 1158 718 1193 Cf.
760 1159 815 1193 11).
847 1158 916 1194 20;

241 1209 410 1243 tristem
426 1210 466 1242 et
478 1208 701 1250 impeooam
724 1207 918 1253 antiqui-

242 1258 403 1296 tatem,·
434 1256 473 1289 et
492 1254 559 1289 21:
594 1255 786 1289 sordes...
822 1263 918 1288 ver—

241 1303 404 1345 borum,
439 1305 480 1337 et
506 1302 636 1336 hians
669 1301 917 1344 compositio

237 1353 280 1385 et
300 1348 515 1385 inconditi
535 1358 688 1384 sensus
719 1350 918 1383 redolent

237 1398 566 1442 antiquitatem.
577 1395 714 1438 Quint.
728 1396 804 1431 fait
815 1395 918 1431 donc

237 1443 413 1480 allusion
459 1444 511 1479 ici
555 1444 578 1478 a
614 1454 693 1478 une
741 1443 917 1489 querelle

238 1493 411 1527 som-ent
440 1491 570 1536 agitee
597 1490 645 1526 de
675 1501 747 1526 son
770 1492 915 1537 temps,

236 1539 391 1574 celle-la
412 1541 543 1573 meme
577 1539 628 1572 ou
655 1539 763 1584 Aper
789 1537 917 1584 prend

235 1587 414 1633 position
454 1596 607 1621 comme
658 1585 916 1620 l'adversaire

237 1634 404 1679 exagere
450 1636 488 1668 et
527 1633 677 1679 injuste
710 1632 758 1667 de
804 1635 916 1668 toute

236 1681 479 1727 l'antiquite,
511 1691 560 1715 en
588 1681 723 1715 raison
752 1680 820 1715 des
852 1680 914 1715 de-

236 1730 346 1764 fauts
365 1728 435 1775 qui
448 1728 488 1763 la
507 1727 702 1774 deparent
723 1727 915 1773 quelque-

236 1776 328 1812 fois.

281 1825 560 1859 Extulerunt.
599 1822 658 1858 De
685 1825 813 1857 meme
846 1822 915 1857 Ci-

236 1872 368 1914 ce'ron‚
396 1872 512 1906 Orat.
544 1870 604 1910 44,
641 1871 730 1906 150:
763 1880 914 1915 qraves

236 1920 479 1954 sententias
507 1919 747 1953 inconditis
775 1918 913 1953 verbis

237 1968 404 2011 efferre.

282 2014 542 2050 Sententiis:
557 2012 615 2049 les
629 2013 796 2060 pensees
811 2012 915 2047 bril-

233 2061 366 2096 lantes
405 2063 444 2096 et
483 2061 754 2106 ingenieuses‚
795 2060 913 2095 celles

236 2109 335 2144 dont
367 2109 474 2155 Aper
503 2108 562 2143 dit
580 2118 587 2143 :
608 2109 667 2142 sit
698 2109 746 2142 in
779 2117 914 2151 appa-

236 2159 341 2191 ratu
376 2155 579 2200 (oratoris)
612 2158 653 2190 et
686 2164 850 2189 aurum
873 2158 915 2189 et

234 2212 443 2248 aemmae,
467 2206 516 2236 ut
546 2212 717 2238 sumere
744 2203 791 2236 in
818 2211 915 2237 ma—

238 2261 322 2285 nus
352 2253 393 2285 et
425 2251 645 2293 adspicere
682 2250 826 2284 liceat.
868 2270 914 2274 —

235 2299 395 2333 Attici:
443 2296 618 2332 allusion
656 2297 680 2331 a
710 2295 749 2331 la
781 2295 914 2331 vieille

234 2343 409 2391 querelle
455 2344 525 2379 des
580 2344 679 2378 faux
715 2343 907 2389 attiques.

233 2393 278 2428 V.
302 2392 387 2427 C1c.
415 2393 464 2426 de
495 2395 577 2435 opt.
609 2401 704 2436 qen.
736 2394 846 2426 orat.
875 2391 911 2432 4,

233 2440 278 2475 11
312 2442 350 2474 et
378 2441 503 2474 Brut.
537 2438 596 2482 82,
640 2439 711 2473 281
737 2440 776 2473 et
808 2438 911 2473 suiv.

235 2488 351 2522 Orat.
388 2486 424 2530 9,
467 2486 526 2522 228.
564 2506 610 2511 —-
643 2486 816 2521 Scilicet
854 2488 914 2520 est

233 2534 432 2580 ironique.

279 2580 498 2616 Praecisis
548 2580 911 2615 conclusionibus.

234 2628 296 2664 Cf.
327 2628 389 2663 LA
420 2627 637 2670 BRUYERE,
681 2628 752 2662 des
792 2637 911 2662 ouvr.

235 2677 285 2711 de
299 2676 474 2719 l’esprit,
496 2674 631 2717 2902·ae
653 2675 911 2720 Cliassan9):

235 2725 333 2758 c'est
355 2732 440 2757 une
454 2725 578 2766 perte
594 2731 709 2765 pour
729 2731 816 2757 eux
829 2732 910 2767 que

237 2780 280 2806 ce
301 2780 428 2805 STYLE
448 2772 642 2804 ESTROPIE
661 2770 735 2813 qui
766 2770 824 2804 les
845 2780 912 2804 en-

238 2818 324 2852 leve
340 2817 423 2852 soit
443 2826 544 2851 rare
575 2818 649 2851 etc.
682 2816 789 2850 Pour
811 2826 913 2852 con-

235 2864 384 2908 clusio,
406 2874 448 2900 v.
475 2864 511 2908 1,
533 2862 603 2898 106
624 2865 662 2898 et
681 2862 721 2897 la
743 2865 850 2899 note.

1031 733 1310 768 Sallustium.
1343 732 1404 769 Cf.
1437 735 1472 777 1,
1502 734 1563 775 32,
1595 735 1666 771 102

985 781 1024 815 et
1038 779 1095 816 les
1125 781 1254 816 notes.
1289 780 1348 816 De
1372 783 1501 817 meme
1525 782 1594 823 IV,
1627 784 1664 825 2,

982 826 1053 862 45:
1075 837 1210 872 quare
1239 829 1420 864 vitanda
1445 833 1507 865 est
1529 831 1664 865 etiam

983 875 1064 910 illa
1085 876 1401 911 sallustiana...
1425 878 1664 914 brevitas...

984 925 1024 957 et
1070 924 1307 966 abruptum
1339 926 1554 960 sermonis
1597 936 1662 970 ye-

984 980 1081 1017 nus.
1118 969 1227 1005 Pour
1260 970 1511 1018 Thucydide,
1545 972 1593 1008 cf.
1629 973 1664 1013 1.

984 1017 1044 1052 73.

1030 1066 1284 1101 Pollionem.
1307 1065 1369 1101 Cf.
1391 1064 1427 1107 1,
1449 1064 1531 1108 113,
1555 1069 1594 1102 et
1607 1067 1666 1103 les

983 1114 1114 1148 notes.
1159 1112 1214 1148 Le
1235 1111 1433 1148 contraire
1452 1111 1499 1147 de
1523 1116 1665 1150 tristes

983 1163 1024 1195 et
1053 1161 1204 1203 jejuni·
1237 1163 1298 1195 est
1329 1161 1495 1195 hilares
1529 1165 1569 1197 et
1596 1172 1667 1198 co-

975 1208 1106 1251 piosi.
1141 1207 1249 1243 Pour
1287 1210 1418 1243 toutes
1458 1217 1522 1243 ces
1554 1210 1666 1245 anti—

983 1254 1131 1297 theses,
1155 1255 1204 1290 cf.
1216 1255 1324 1299 VIII,
1343 1255 1378 1296 3,
1391 1254 1456 1290 46;
1472 1257 1664 1293 Proinde

982 1303 1199 1347 quaedam
1230 1303 1363 1345 hebes,
1394 1304 1586 1347 sordida,
1601 1307 1665 1348 je-

973 1351 1106 1392 juna,
1141 1351 1295 1392 tristis,
1331 1351 1522 1395 ingyrata,
1563 1353 1664 1387 vilis

982 1397 1120 1432 oratio
1144 1400 1219 1432 est.
1253 1399 1367 1436 Quae
1400 1398 1512 1433 vilia
1533 1398 1665 1442 facil—

984 1445 1085 1479 lime
1108 1445 1215 1490 fient
1235 1444 1474 1489 manifesta
1496 1449 1664 1482 contra-

981 1492 1064 1526 riis
1087 1492 1336 1527 virtutibus.
1348 1493 1663 1536 Namprimum

981 1542 1121 1582 acuto,
1141 1541 1374 1575 secundum
1398 1541 1550 1584 nitido,
1576 1544 1665 1576 ter—

983 1588 1094 1620 tium
1115 1588 1292 1631 copioso,
1313 1588 1513 1631 deinceps
1552 1589 1660 1624 hila-

979 1635 1035 1676 ri,
1058 1636 1273 1677 jitcunclo,
1306 1638 1511 1670 accurato
1527 1636 1663 1672 diver-

979 1691 1077 1716 sum
1100 1685 1175 1717 est.

1026 1730 1198 1773 Supini.
1233 1729 1346 1765 Ceux
1377 1729 1447 1776 qui
1468 1740 1517 1765 en
1539 1741 1663 1777 pren—

978 1779 1077 1825 nent
1108 1777 1130 1811 a
1162 1776 1250 1812 leur
1282 1777 1378 1812 aise.
1413 1777 1473 1812 Cf.
1509 1777 1604 1814 JUV.
1629 1779 1660 1823 I,

977 1824 1023 1859 66
1039 1834 1046 1859 1
1072 1825 1257 1859 multum
1272 1825 1466 1870 referens
1481 1826 1532 1860 de
1550 1828 1663 1862 Mae-

978 1875 1127 1906 cenate
1161 1872 1327 1916 supino.
1367 1871 1514 1908 Buffon
1535 1873 1660 1915 (Disc.

977 1929 1055 1953 sur
1095 1920 1131 1954 le
1168 1920 1293 1965 style)
1332 1920 1493 1966 pensait
1531 1922 1554 1955 a
1591 1921 1661 1956 des

978 1966 1177 2002 ecrivains
1209 1967 1257 2002 de
1287 1977 1332 2003 ce
1369 1977 1489 2012 genre
1523 1969 1662 2014 quand

975 2013 1007 2048 11
1027 2013 1170 2049 disait:
1189 2030 1201 2045 u
1217 2015 1263 2049 Si
1284 2025 1338 2050 on
1362 2016 1419 2050 les
1442 2016 1570 2050 laisse
1587 2015 1660 2056 (les

975 2061 1097 2101 idees)
1117 2072 1160 2097 se
1182 2063 1385 2097 succeder
1407 2063 1657 2105 lentement‚

977 2111 1018 2143 et
1039 2118 1091 2143 ne
1113 2119 1155 2144 se
1175 2111 1351 2152 joindre
1382 2109 1481 2154 qu'a
1517 2111 1558 2145 la
1598 2110 1662 2154 fa-

979 2166 1083 2190 veur
1104 2157 1177 2191 des
1199 2160 1321 2200 mois,
1359 2158 1541 2202 quelque
1574 2159 1662 2193 ele—

975 2206 1105 2247 yants
1138 2205 1266 2247 qu'ils
1295 2205 1449 2248 soient,
1492 2205 1528 2240 le
1550 2207 1661 2249 style

976 2259 1076 2285 sera
1116 2252 1266 2294 diffus,
1309 2251 1425 2287 ldche
1466 2255 1507 2286 et
1548 2254 1663 2287 trai—

978 2300 1103 2332 nant.
1148 2312 1160 2328 ¹>
1208 2298 1316 2334 Pour
1358 2300 1559 2342 supinus,
1607 2300 1658 2335 cf.

976 2344 1114 2380 MART.
1138 2345 1206 2388 VI,
1228 2346 1297 2382 42:
1335 2348 1432 2382 Non
1468 2348 1660 2382 attendis

977 2395 1018 2427 et
1047 2402 1160 2427 aure
1196 2403 1262 2429 me
1292 2395 1455 2438 supina
1481 2396 1661 2437 jamdu-

978 2441 1096 2483 dum,
1129 2443 1256 2485 quasi
1287 2442 1563 2486 neyleyenter
1583 2451 1659 2476 au-

977 2487 1058 2522 dis.

1024 2534 1438 2570 Circumduoeerunt.
1488 2534 1548 2569 Cf.
1587 2534 1658 2577 IX,

975 2581 1011 2623 4,
1032 2581 1128 2616 124:
1148 2591 1248 2617 cum
1270 2591 1422 2617 sensus
1442 2592 1558 2616 unus
1575 2583 1660 2616 lon-

975 2629 1094 2673 qiore
1109 2630 1275 2664 ambitu
1293 2629 1656 2667 circumducitur.

1024 2676 1279 2711 Ciceronem.
1314 2677 1433 2721 Aper,
1469 2676 1585 2711 Dial.
1614 2675 1660 2711 22

974 2724 1013 2758 et
1039 2723 1146 2758 suiv.
1184 2734 1207 2758 a
1241 2723 1315 2757 fait
1347 2724 1370 2758 a
1403 2722 1443 2757 la
1463 2723 1541 2758 fois
1560 2726 1599 2758 et
1619 2722 1659 2757 la

973 2769 1014 2804 la
1031 2770 1252 2805 caricature
1273 2770 1326 2803 du
1349 2769 1452 2812 style
1485 2770 1533 2805 de
1553 2769 1659 2805 Cice-

976 2827 1048 2852 ron
1071 2820 1110 2852 et
1127 2817 1166 2851 la
1185 2826 1350 2852 censure
1371 2817 1419 2851 de
1437 2826 1499 2851 ses
1520 2817 1662 2852 imita-

975 2866 1084 2899 teurs
1105 2863 1356 2899 maladroits.
1380 2863 1485 2899 Tout
1506 2874 1548 2899 ce
1570 2875 1660 2911 pas-
