1997 3231
765 168 1001 208 -141-

857 325 926 362 VI.

223 449 409 489 Proxima
449 450 538 488 stilo
559 463 579 488 6
595 462 616 487 0
631 462 656 499 g
671 451 682 488 i
698 454 748 488 ta
762 454 776 488 t
790 450 801 487 i
817 462 838 487 0
871 452 944 500 est,
987 461 1089 499 quae
1128 454 1168 488 et
1208 451 1294 501 ipsa
1326 451 1430 490 vlres
1469 451 1519 490 ab
1576 452 1599 490 1

170 515 245 553 hoc
267 516 410 566 accipit
429 520 467 554 et
487 519 547 554 est
565 516 669 554 inter
696 515 896 554 scribendi
924 514 1102 553 laborem
1129 518 1520 569 extemporalemque

172 581 374 619 fortunam
395 581 526 619 media
546 581 743 631 quaedam
764 584 803 619 et
823 580 957 619 nescio
987 593 1038 619 an
1067 593 1167 619 usus
1188 582 1519 632 frequentissimi.

172 645 277 683 Nam
297 645 470 683 scribere
490 658 570 683 non
591 645 740 696 ubique
761 658 834 684 nec
856 658 1016 696 semper
1037 658 1269 697 possumus,
1294 648 1522 698 cogitationi

175 711 365 761 temporis
385 710 523 751 acloci
545 710 767 761 plurimum
786 715 860 749 est.
894 711 1002 749 Haec
1024 712 1162 762 paucis
1183 712 1400 751 admodum
1416 714 1525 752 horis

175 788 342 826 magnas
361 776 481 814 etiam
502 788 643 814 causas
664 776 966 827 complectitur:
990 777 1104 828 haec,
1121 778 1307 828 quotiens
1323 778 1526 817 intermis-

177 854 247 880 sus
267 845 327 880 est
346 854 526 892 somnus,
549 842 647 893 ipsis
668 842 795 880 noctis
816 841 993 880 tenebris
1022 842 1260 893 adjuvatur:
1296 845 1395 883 haec
1426 845 1530 883 inter

178 907 330 945 medios
351 920 487 946 rerum
506 911 618 946 actus
639 907 789 958 aliquid
810 907 963 946 invenit
982 909 1095 946 vacui
1117 921 1190 947 nec
1213 910 1340 948 otium
1361 911 1526 961 patitur.

179 972 319 1022 Neque
350 985 442 1010 vero
473 985 610 1010 rerum
644 972 826 1010 ordinem
860 972 994 1021 modo,
1028 973 1133 1023 quod
1155 974 1289 1024 ipsum
1314 975 1410 1013 satis
1430 979 1529 1025 erat,
1587 975 1613 1015 2

182 1038 287 1076 intra
308 1050 350 1076 se
370 1037 455 1088 ipsa
475 1036 664 1088 disponit,
687 1037 756 1075 sed
776 1036 897 1075 verba
919 1038 1041 1076 etiam
1074 1039 1233 1089 copulat
1254 1043 1457 1091 totamque
1479 1041 1533 1079 ita

182 1103 357 1141 contexit
389 1103 623 1152 orationem,
660 1105 703 1140 ut
725 1101 760 1140 ei
782 1101 883 1139 nihil
904 1105 1062 1153 praeter
1084 1115 1251 1142 manum
1273 1104 1375 1143 desit
1394 1118 1401 1143 :
1438 1118 1533 1144 nam

185 1167 400 1205 memoriae
425 1179 583 1218 quoque
617 1167 858 1218 plerumque
887 1166 1099 1206 inhaerent
1121 1168 1280 1207 fidelius
1302 1182 1404 1221 quae
1425 1171 1535 1210 nulla

188 1232 389 1271 scribendi
411 1232 624 1270 securitate
645 1231 847 1270 laxantur.

241 1297 318 1337 Sed
350 1310 401 1336 ne
433 1297 482 1336 ad
515 1298 619 1335 hanc
648 1296 812 1348 quidem
846 1297 928 1335 vim
960 1298 1160 1348 cogitandi
1189 1301 1387 1351 perveniri
1410 1306 1539 1353 potest

188 1367 255 1402 aut
277 1363 408 1401 subito
427 1366 497 1401 aut
516 1362 607 1401 cito.
630 1362 735 1401 Nam
756 1362 935 1413 primum
957 1363 1140 1403 facienda
1160 1366 1287 1404 multo
1308 1367 1397 1405 stilo
1412 1368 1539 1407 forma
1596 1367 1620 1386 ‘³

239 1493 273 1528 1.
296 1493 520 1537 Cogitatio.
543 1491 590 1526 V.
611 1491 647 1536 1,
669 1492 689 1526 1
719 1501 816 1527 avec
833 1490 875 1526 la

193 1543 286 1576 note
309 1541 332 1575 ἐι
353 1551 395 1576 66
415 1542 526 1585 mot;
548 1550 651 1586 pour
671 1540 786 1582 stilo,
809 1539 868 1574 ib.

193 1588 217 1624 2
235 1591 274 1624 et
291 1588 328 1630 3,
351 1589 386 1622 1.

242 1638 294 1670 Et
315 1637 410 1679 ipsa
429 1649 466 1665 --
487 1636 565 1669 elle
587 1635 724 1677 aussi,
742 1633 875 1670 c.-a-d.

198 1685 341 1718 autaut
380 1692 457 1729 que
492 1682 531 1717 la
568 1682 717 1717 faculte
759 1681 880 1716 d'im-

197 1730 392 1778 proviser.
414 1729 475 1763 Cf.
498 1730 532 1772 1,
549 1728 616 1764 31:
637 1729 877 1765 Historia...

199 1782 238 1814 et
261 1779 356 1822 ipsa
378 1779 416 1812 et
434 1777 474 1812 la
496 1779 602 1812 note.

247 1827 501 1860 Fortunam.
524 1823 881 1870 L’improvisation

201 1872 357 1919 depend
370 1874 541 1907 souvent
555 1871 609 1906 du
624 1871 772 1906 hasard
787 1870 882 1906 d'un

202 1922 395 1962 moment,
416 1919 457 1954 la
478 1919 745 1966 composition
765 1919 884 1954 ecrite

203 1970 263 2003 est
295 1967 433 2002 affaire
468 1966 515 2002 de
544 1966 699 2010 labeur,
734 1966 782 2001 de
820 1965 886 2000 re-

203 2015 364 2051 flexion.
401 2014 459 2050 Cf.
487 2013 580 2060 plus
613 2013 702 2056 bas,
721 2014 772 2059 65
809 2023 886 2048 ew—

207 2063 486 2106 temporatem
521 2062 812 2096 temeritatem
849 2062 888 2095 et

204 2111 241 2191 {⁹
259 2110 327 2145 13:
347 2118 589 2144 successum
611 2111 888 2152 extempora-

225 2167 305 2192 em.

253 2212 400 2247 Media
421 2211 647 2256 quaedam.
686 2209 757 2252 XI,
776 2209 813 2252 2,
833 2209 857 2244 3
879 2219 886 2244 :

208 2260 439 2304 coyitatio..
457 2259 584 2302 quasi
606 2259 752 2292 media
764 2266 891 2302 quae-

210 2309 312 2342 dam
358 2316 530 2348 manus,
580 2308 803 2348 acceptum
840 2304 891 2338 ab

210 2355 461 2389 inventione
488 2353 626 2387 tradit
645 2352 888 2387 elocutioni.

211 2401 273 2437 Cf.
305 2400 390 2436 CIC.
426 2402 475 2435 cte
508 2400 623 2434 Orat.
657 2398 688 2438 Ι,
710 2398 769 2442 33,
792 2398 889 2434 150:

212 2450 258 2484 Si
278 2449 467 2484 subitam
489 2450 529 2482 et
543 2446 781 2491 fortuitam
802 2455 894 2481 ora-

216 2497 376 2531 tionem
398 2494 705 2530 commentatio
726 2496 767 2528 et
787 2493 895 2537 coyt-

217 2544 324 2578 tatio
345 2542 477 2587 facite
497 2542 647 2583 vincit,
679 2540 791 2576 hanc
828 2541 896 2583 ip—

215 2600 310 2626 sam
326 2589 515 2634 profecto
537 2589 729 2623 adsidua
755 2597 806 2622 ac
826 2587 897 2622 di-

220 2639 357 2682 Ziyens
395 2637 618 2679 scriptura
660 2634 895 2678 superabit.

266 2686 464 2719 Somnus.
479 2682 540 2718 Cf.
557 2681 648 2729 plus
663 2681 777 2723 haut,
791 2681 896 2723 3,25.

267 2733 427 2767 Rerum
445 2733 597 2771 actus;
617 2739 673 2764 un
694 2738 772 2775 peu
793 2728 901 2763 diffe-

222 2781 309 2814 rent
330 2778 378 2813 de
398 2780 545 2813 actum
566 2777 632 2811 rei
651 2776 721 2822 qui
736 2778 796 2811 est
809 2774 901 2822 plus

221 2825 336 2868 haut,
355 2825 390 2866 1,
410 2824 470 2860 31.
503 2823 559 2860 Ici
580 2831 626 2859 av
635 2833 676 2858 ec
695 2821 736 2858 la
755 2822 903 2869 signifi-

1596 1387 1621 1406 O

939 1495 1072 1530 cation
1093 1496 1244 1542 precise
1261 1497 1330 1533 des
1345 1497 1468 1533 luttes
1485 1498 1624 1534 reelles

940 1543 994 1578 du
1027 1543 1175 1580 sorum.
1209 1544 1270 1580 Cf.
1306 1545 1421 1580 me.
1458 1548 1530 1590 Ep.
1552 1546 1623 1587 IX,

940 1590 1000 1633 25,
1023 1589 1070 1625 3:
1093 1592 1221 1628 Nunc
1244 1603 1308 1628 me
1330 1603 1480 1628 rerum
1500 1597 1625 1629 actus

943 1637 1103 1673 modice
1119 1642 1194 1676 sed
1212 1643 1358 1676 tamen
1378 1642 1624 1686 ctistringsit.

942 1706 988 1710 -—
1001 1686 1145 1720 Otium
1166 1702 1206 1717 ἶ
1223 1689 1395 1723 otiandi
1416 1690 1624 1732 spatium.

943 1733 1002 1768 La
1023 1733 1251 1779 conjecture
1273 1736 1320 1771 de
1342 1736 1409 1783 Sp.
1434 1746 1441 1771 :
1466 1746 1542 1771 uec
1558 1746 1628 1780 pe-

945 1782 1036 1815 rire
1058 1782 1197 1816 otium
1212 1785 1401 1828 patitur,
1433 1783 1534 1819 n’est
1554 1794 1628 1830 pas

947 1829 970 1863 ’1
991 1827 1221 1873 dedaigner.

993 1876 1029 1910 2.
1064 1877 1182 1928 Satis
1215 1881 1323 1921 erat,
1352 1888 1505 1914 comme
1537 1878 1630 1925 plus

947 1923 1063 1965 haut,
1084 1934 1119 1965 0,
1143 1924 1189 1958 7;
1212 1924 1283 1969 fas
1312 1929 1420 1961 erat.
1441 1926 1636 1962 Indicatif

949 1981 1001 2005 au
1029 1970 1110 2005 lieu
1132 1970 1185 2006 du
1207 1972 1442 2018 subjonctif.

998 2019 1182 2054 Praeter
1204 2029 1387 2056 manum
1406 2025 1635 2065 :praeter

951 2066 1119 2100 stilum.
1142 2066 1203 2101 Cf.
1227 2068 1263 2110 1,
1285 2068 1331 2103 97
1353 2080 1360 2105 ;
1382 2071 1564 2104 Summa
1586 2071 1634 2104 in

953 2114 1201 2161 excolendis
1236 2119 1433 2158 operibus
1475 2126 1635 2152 manus

954 2163 993 2195 et
1013 2161 1099 2195 Clo.
1127 2162 1252 2196 Brut.
1275 2162 1334 2205 32,
1357 2165 1426 2201 126
1447 2174 1454 2200 :
1475 2165 1636 2199 Manus

955 2210 1152 2243 extrema
1174 2219 1260 2244 uon
1291 2213 1473 2249 accessit
1501 2212 1635 2255 operi-

955 2255 1031 2289 bus
1053 2257 1160 2298 ejus.

1002 2303 1138 2337 Nulla
1152 2303 1370 2339 scribendi
1384 2306 1633 2341 securitate.

956 2349 1132 2393 Socrate,
1173 2350 1274 2386 dans
1311 2351 1347 2387 16
1385 2351 1552 2387 Phedre
1590 2353 1638 2388 de

957 2396 1116 2441 Platon,
1140 2397 1301 2444 deplore
1323 2400 1345 2434 a
1363 2410 1404 2434 66
1444 2399 1536 2434 titre
1554 2399 1640 2434 l'in-

958 2445 1122 2480 vention
1144 2449 1274 2481 meme
1295 2446 1343 2482 de
1364 2446 1582 2492 Pecriture3
1601 2458 1639 2493 p.

957 2492 1028 2527 274
1049 2491 1078 2527 C
1105 2493 1143 2527 et
1165 2493 1269 2527 suiv.

1005 2538 1045 2574 3.
1081 2540 1347 2575 Facienda...
1381 2539 1538 2584 forma.
1572 2540 1637 2576 Cf.

959 2585 994 2626 3,
1017 2586 1075 2626 28,
1098 2587 1331 2632 faciendus
1358 2598 1463 2622 usus
1484 2590 1521 2622 et
1541 2586 1576 2628 3,
1598 2587 1642 2622 3:

963 2634 1076 2668 vires
1115 2634 1348 2679 faciamus.
1386 2655 1430 2658 —
1462 2635 1620 2669 Forma
1636 2645 1648 2668 .·

964 2691 1016 2715 au
1033 2691 1128 2716 sens
1150 2683 1282 2716 meme
1305 2682 1357 2715 ou
1381 2691 1483 2715 nous
1509 2680 1650 2716 disons

968 2729 1009 2763 la
1027 2728 1166 2772 forme
1187 2728 1241 2762 du
1269 2728 1450 2762 discours
1472 2737 1546 2774 par
1575 2739 1653 2774 op-

965 2775 1143 2822 position
1164 2778 1261 2810 avec
1282 2776 1317 2809 Ie
1335 2774 1455 2819 fond.
1471 2774 1650 2811 Ailleurs

969 2821 1031 2868 (V,
1053 2822 1113 2866 10,
1132 2821 1192 2868 62)
1220 2821 1358 2865 Quint.
1387 2821 1503 2868 apres
1535 2821 1653 2859 Cice-
