1997 3231
806 153 1043 193 —137—

196 254 326 304 cendi,
351 254 406 292 sic
437 254 713 293 adulescentes
743 267 822 293 non
850 254 996 293 dehent
1025 255 1198 295 nimium
1221 257 1262 296 in
1286 257 1383 296 falsa
1405 271 1541 297 rerum

196 319 370 369 imagine
395 319 564 358 detineri
585 332 658 358 nec
678 319 866 359 inanibus
888 332 930 358 se
951 320 1179 360 simulacris
1200 335 1330 374 usque
1352 323 1465 374 adeo,
1497 327 1542 362 ut

195 385 370 423 difficilis
390 384 440 423 ab
460 385 523 423 his
544 385 748 435 digressus
777 386 838 432 sit,
863 385 1134 435 adsuefacere,
1158 400 1208 426 ne
1237 388 1285 426 ab
1303 389 1384 439 illa,
1406 389 1448 428 in
1464 402 1542 440 qua

195 463 316 502 prope
349 455 662 501 consenuerunt,
697 450 842 490 umbra
873 463 965 490 vera
997 451 1231 491 discrimina
1265 454 1372 492 velut
1406 467 1542 505 quem-

195 516 288 555 dam
319 517 443 555 solem
474 516 748 555 reformident.
784 506 897 563 Quod
918 517 1111 555 accidisse
1143 518 1264 556 etiam
1295 519 1437 558 Porcio
1470 520 1543 559 La-
1570 519 1622 559 ⁴18

194 582 313 630 troni,
335 582 404 633 qui
426 582 581 633 primus
611 582 708 620 clari
740 582 914 620 nominis
937 583 1135 633 professor
1154 583 1244 632 fuit,
1268 584 1454 635 traditur,
1477 589 1535 633 ut,

193 660 287 687 cum
308 648 343 687 ei
375 660 578 686 summam
609 647 652 686 in
686 647 832 686 scholis
865 648 1092 699 opinionem
1124 648 1319 688 obtinenti
1351 663 1471 689 causa
1498 651 1541 690 in

193 715 277 753 foro
296 717 401 752 esset
431 713 595 763 oranda,
631 714 812 765 impense
839 713 1012 765 petierit,
1035 714 1094 752 uti
1122 715 1311 754 subsellia
1343 716 1386 755 in
1406 716 1540 755 basili-

193 824 318 869 taille,
347 826 399 860 01¹1
427 836 468 860 se
496 825 648 861 livrent
670 824 728 861 les
748 824 873 860 luttes

193 873 400 909 serieuses.
424 873 486 908 Cf.
517 874 554 915 1,
575 874 620 909 79
642 875 681 909 et
697 872 737 908 13
764 874 871 908 note.

191 920 254 956 Cf.
274 920 373 956 TAc.
396 922 509 956 Dial.
524 921 571 956 34
587 931 595 956 τ
613 931 813 966 pugnare
825 921 872 955 in

190 968 397 1012 praelio...
425 968 543 1013 ferro
571 978 656 1004 non
690 969 872 1003 rudibus

192 1015 481 1058 dimicantes;
532 1018 571 1051 et
618 1015 712 1063 plus
766 1015 868 1050 haut

188 1062 224 1103 1,
246 1063 282 1103 4,
304 1073 400 1099 avec
413 1063 453 1098 13
474 1066 568 1099 note
587 1063 611 1098 3
630 1064 811 1098 athleta.
826 1083 873 1087 —

190 1110 353 1155 Sayina
375 1110 602 1157 s'explique
622 1121 697 1158 par
711 1113 872 1154 ,jucun-

191 1158 385 1193 dioribus
420 1160 559 1202 epulis
587 1158 656 1204 qui
689 1161 749 1193 est
778 1158 871 1204 plus

187 1204 289 1240 haut
306 1215 313 1241 :
338 1205 397 1241 La
408 1206 638 1241 nourriture
647 1205 868 1241 fortifiante

188 1251 237 1287 de
251 1252 509 1300 l'eloquence.
521 1253 800 1299 L'expression
811 1255 871 1288 est

187 1299 392 1336 d’ailleurs
442 1300 610 1336 usuelle.
652 1300 713 1336 Cf.
767 1301 866 1336 TAC.

186 1347 296 1383 Hist.
316 1347 368 1391 II,
389 1348 461 1384 88:
488 1349 684 1393 Sinyutis
718 1350 869 1384 militi-

187 1396 263 1431 bus
280 1397 480 1431 Vitellius
491 1399 672 1440 paratos
685 1397 807 1438 cibos,
821 1400 869 1431 ut

186 1444 503 1487 yladiatoriam
545 1444 763 1488 sagyinam,
806 1446 868 1479 di-

187 1490 371 1526 videbat.
395 1490 457 1526 On
477 1493 575 1538 peut
595 1491 864 1537 rapprocher:

186 1537 458 1573 athletarum
492 1539 641 1573 toris...
672 1539 866 1574 militum

189 1585 374 1620 lacertis.
400 1587 436 1628 1,
461 1585 520 1621 33.
543 1606 588 1610 —
607 1587 798 1629 Reparat
817 1597 866 1622 ac

186 1633 337 1678 reficit.
351 1632 408 1668 La
423 1633 704 1679 comparaison
717 1637 775 1669 est
791 1644 867 1669 res-

185 1680 341 1715 trictive
382 1682 420 1715 et
448 1680 533 1715 doit
563 1683 645 1716 etre
690 1681 877 1717 traduite.

186 1737 283 1773 par:
309 1729 378 1762 n’a
399 1729 569 1763 d’autre
589 1729 689 1772 effet
718 1739 798 1773 que
815 1731 865 1766 de

184 1775 366 1818 reparer
387 1778 460 1811 etc.

231 1823 284 1856 In
316 1822 434 1866 falsa
470 1833 621 1858 rerum
654 1824 863 1868 imayine.

183 1868 245 1904 Cf.
283 1869 336 1912 ΙΙ,
374 1870 433 1911 10,
473 1870 523 1905 4;
562 1872 705 1906 Sint...
746 1872 864 1916 ipsae

185 1917 411 1961 materiae,
468 1927 579 1962 quae
624 1920 862 1964 finyentur,

183 1965 585 2008 quamsimillimae
623 1967 802 2002 veritati
825 1971 865 2002 et

183 2011 453 2056 declamatio,
476 2014 522 2048 in
544 2017 761 2057 quantum
779 2025 866 2050 ma-

182 2059 301 2094 oeime
344 2063 499 2103 potest,
550 2061 752 2096 imitetur
791 2072 863 2098 eas

183 2107 388 2149 actiones,
411 2108 459 2141 in
490 2117 680 2152 quarum
703 2111 863 2144 exerci-

185 2153 391 2188 tationem
413 2158 587 2197 reperta
603 2158 665 2190 est
679 2158 751 2191 etc.
769 2157 860 2200 XII,

181 2200 242 2241 11,
264 2201 333 2236 15:
357 2202 467 2240 Quid
489 2203 695 2238 attinet...
725 2205 863 2240 decla-

183 2247 339 2283 mitare
374 2249 422 2283 in
449 2249 594 2285 schola
624 2255 664 2285 et
687 2254 861 2287 tantum

183 2295 342 2331 laboris
372 2297 418 2330 in
449 2297 577 2332 rebus
606 2297 736 2341 falsis
769 2309 862 2334 con-

181 2352 399 2378 sumere...
433 2346 471 2378 et
508 2344 607 2379 TAc.
640 2346 753 2381 Diat.
788 2345 859 2382 35:

181 2390 402 2435 Quidquid
451 2391 498 2426 in
520 2392 676 2427 scholis
705 2394 861 2430 cotidie

181 2437 343 2480 agyitzcr,
379 2439 426 2472 in
459 2438 553 2483 foro
588 2441 653 2474 rel
672 2450 774 2476 raro
795 2443 862 2476 vel

182 2493 416 2529 numquam
435 2496 450 2527 ‚·
489 2489 526 2520 et
563 2486 635 2522 34:
686 2488 860 2524 Faciem

181 2531 464 2576 eloquentiae.
507 2543 592 2568 non
619 2535 860 2580 imaglinem

172 2582 418 2621 praestare.

235 2626 424 2666 Umbra;
477 2626 659 2674 s’oppose
698 2627 721 2662 ἐι
758 2639 859 2665 vera

180 2672 456 2709 discrimina.
477 2674 539 2709 Cf.
574 2674 665 2720 plus
686 2674 802 2719 haut,
822 2677 858 2720 1,

178 2718 225 2754 33
244 2730 341 2756 aveo
361 2720 400 2756 13
420 2723 513 2757 note
550 2732 618 2757 sur
645 2721 858 2766 forensem

176 2768 402 2809 pulverem
423 2772 462 2803 et
478 2768 564 2804 Cic.
586 2771 710 2804 Brut.
731 2771 768 2813 9,
786 2770 856 2807 37:

177 2818 446 2863 processerat
485 2817 532 2855 in
554 2818 685 2853 solem
707 2821 748 2853 et
760 2820 859 2864 pul-

938 835 1082 860 verem
1107 835 1193 861 non
1215 829 1264 860 ut
1289 836 1308 862 e
1332 828 1524 862 militari
1549 830 1618 862 ta—

938 873 1170 909 bernaculo
1208 875 1282 909 sed
1321 877 1371 909 ut
1421 885 1441 910 e
1498 875 1619 910 Theo-

931 921 1107 964 phrasti
1143 922 1385 957 doctissimi
1429 923 1618 958 hominis

939 969 1217 1004 umbraculis.
1250 990 1296 994 —
1323 970 1379 1004 Ab
1414 984 1459 1001 =
1487 973 1618 1014 post,·

938 1015 1042 1050 ainsi
1069 1015 1162 1051 ohez
1183 1016 1267 1052 CIC.
1291 1018 1341 1052 de
1364 1018 1479 1052 Orat.
1503 1017 1534 1061 Ι,
1555 1018 1616 1060 21,

935 1062 1006 1098 89:
1046 1063 1130 1098 Via>
1152 1073 1296 1098 annus
1315 1065 1619 1100 intercesserat

937 1111 988 1145 ab
1009 1111 1083 1146 hoc
1104 1121 1314 1147 sermone.
1337 1111 1386 1147 K.
1411 1114 1482 1147 Gr.
1521 1114 1615 1148 Lat.

936 1157 953 1192 Ι
980 1184 988 1200 ,
1007 1157 1090 1194 359.

983 1204 1041 1240 18.
1077 1207 1193 1244 Quod
1223 1207 1477 1242 accidisse...
1521 1211 1614 1242 ut...

935 1251 1065 1287 Meme
1105 1254 1378 1290 construction
1415 1265 1491 1300 que
1526 1255 1617 1301 plus

935 1299 1049 1338 haut,
1063 1301 1097 1344 1,
1114 1301 1173 1336 58.
1187 1301 1234 1335 V.
1253 1301 1294 1336 13
1314 1305 1407 1337 note
1424 1303 1446 1336 3
1473 1313 1514 1337 ce
1529 1314 1617 1349 pas-

934 1357 1042 1393 sage.
1070 1368 1115 1373 —
1144 1349 1326 1384 Porcius
1346 1351 1490 1392 Latro,
1531 1350 1617 1385 rhe-

935 1397 1024 1429 teur
1041 1395 1194 1431 celebre
1213 1396 1282 1442 qui
1308 1397 1371 1432 fut
1390 1396 1501 1432 sami
1522 1400 1560 1432 et
1580 1397 1616 1433 le

934 1444 1196 1489 compatriote
1254 1444 1301 1478 de
1350 1444 1531 1491 Seneque
1579 1445 1616 1480 le

933 1490 1025 1535 pere
1050 1500 1062 1535 3
1125 1490 1307 1537 professa
1362 1502 1434 1526 son
1487 1495 1548 1527 art
1593 1493 1616 1528 3

933 1537 1058 1572 Rome
1080 1548 1174 1573 sous
1192 1537 1227 1573 le
1244 1540 1363 1584 regne
1378 1539 1612 1585 d’Auguste.

932 1583 967 1618 Il
987 1588 1047 1620 est
1068 1584 1329 1631 longuement
1361 1587 1548 1632 question
1567 1588 1614 1623 de

931 1631 991 1666 lui
1012 1632 1114 1668 dans
1131 1632 1170 1668 la
1188 1634 1347 1680 pref-ace
1363 1634 1432 1669 des
1447 1636 1614 1670 Contro-

932 1689 1088 1722 verses,
1109 1680 1155 1716 13
1176 1685 1214 1716 et
1235 1681 1340 1717 suiv.
1364 1681 1418 1717 Le
1432 1682 1523 1728 plus
1539 1682 1614 1718 dis-

932 1727 1070 1772 tingue
1083 1727 1130 1763 de
1143 1738 1205 1763 ses
1217 1728 1349 1764 eleves
1360 1729 1615 1766 futOvide.-

932 1774 1170 1819 Professor,
1187 1776 1416 1822 appartient
1436 1778 1459 1811 it
1478 1776 1614 1812 131311·

932 1831 1008 1867 gue
1029 1823 1147 1869 apres
1167 1824 1372 1869 Auguste3
1406 1825 1532 1860 forme
1565 1825 1613 1861 de

924 1876 1125 1921 profiteri
1165 1871 1499 1924 (ἐπαγγέλλεσθαι),
1540 1889 1614 1924 par

930 1922 1157 1966 derivation
1169 1924 1221 1959 du
1231 1926 1432 1971 profiteri
1447 1930 1587 1961 artem
1600 1937 1613 1966 ‚·

926 1969 1154 2017 S'applique
1183 1972 1205 2006 3
1227 1972 1454 2018 quiconque
1488 1974 1613 2009 ensei-

929 2027 1005 2062 gne
1036 2029 1091 2053 un
1121 2022 1198 2061 art,
1221 2022 1260 2054 et
1280 2019 1382 2055 dans
1402 2020 1443 2055 13
1462 2020 1612 2067 langue

929 2064 999 2099 des
1021 2065 1216 2110 rheteurs,
1241 2067 1263 2101 3
1291 2067 1395 2102 celui
1425 2068 1494 2114 qui
1516 2079 1612 2115 pro—

928 2112 1032 2146 fesse
1064 2112 1156 2148 l'art
1191 2124 1266 2160 par
1297 2115 1535 2158 excellence,
1572 2115 1611 2151 13

928 2158 1172 2206 rhetorique..
1186 2161 1246 2196 Cf.
1258 2161 1311 2205 Π,
1324 2163 1382 2203 11,
1401 2163 1422 2197 1
1440 2174 1447 2198 ;
1471 2173 1610 2198 exem-

920 2207 994 2249 plo
1017 2209 1211 2252 mayni...
1236 2210 1611 2255 nominisprofes-·

926 2263 1089 2289 sorum.
1125 2255 1216 2299 XII,
1247 2256 1305 2299 11,
1333 2257 1413 2294 2οε
1450 2268 1610 2303 §eome-

929 2303 1022 2336 trae
1037 2305 1079 2336 et
1100 2304 1258 2338 musici
1273 2306 1313 2339 et
1327 2306 1608 2349 yrammatici

926 2351 1256 2396 ceterarumque
1296 2354 1466 2389 artium
1506 2363 1609 2397 pro-

924 2395 1126 2440 sessores.

973 2444 1227 2487 Opinionem
1247 2460 1289 2472 =
1313 2446 1609 2482 existimatio-

926 2500 1039 2533 nem,
1060 2491 1246 2536 famam.
1266 2493 1383 2528 Ainsi
1404 2493 1496 2540 plus
1517 2494 1604 2533 has,

924 2537 958 2581 7.
979 2538 1050 2573 17:
1088 2539 1239 2583 fructu
1272 2542 1420 2575 laudis
1447 2542 1606 2584 opinio-

926 2586 1088 2630 nisque.
1142 2587 1202 2622 Cf.
1244 2588 1342 2623 TAC.
1376 2588 1489 2623 Diat.
1529 2588 1575 2624 10
1597 2599 1604 2623 ;

924 2633 1122 2676 opinio...
1161 2637 1202 2669 et
1240 2635 1380 2678 fama,
1420 2636 1490 2669 cui
1523 2636 1604 2670 soli

922 2681 1123 2715 serviunt
1146 2683 1331 2728 (poetae).

927 2766 930 2770 ‚
970 2729 1197 2763 Subsellia.
1221 2728 1274 2764 Ce
1291 2732 1382 2764 sont
1402 2726 1461 2762 les
1478 2727 1604 2765 banos

923 2774 975 2808 ou
1007 2775 1217 2821 prenaient
1246 2775 1358 2822 place
1390 2773 1448 2809 les
1470 2775 1602 2822 juges,

921 2820 979 2857 les
1017 2822 1236 2868 plaffleurs,
1274 2822 1334 2859 les
1368 2826 1532 2861 avocats
1565 2827 1604 2867 et
