<?xml version="1.0" encoding="UTF-8"?>
<!DOCTYPE html PUBLIC "-//W3C//DTD XHTML 1.0 Transitional//EN"
    "http://www.w3.org/TR/xhtml1/DTD/xhtml1-transitional.dtd">
<html xmlns="http://www.w3.org/1999/xhtml" xml:lang="en" lang="en">
 <head>
  <title>
</title>
<meta http-equiv="Content-Type" content="text/html;charset=utf-8" />
  <meta name='ocr-system' content='tesseract 3.04.00' />
  <meta name='ocr-capabilities' content='ocr_page ocr_carea ocr_par ocr_line ocrx_word'/>
</head>
<body>
  <div class='ocr_page' id='page_1' title='image "./institutionisor00quinuoft_0068.png"; bbox 0 0 1997 3231; ppageno 0'>
   <div class='ocr_carea' id='block_1_1' title="bbox 1017 158 1229 199">
    <p class='ocr_par' dir='ltr' id='par_1_1' title="bbox 1017 158 1229 199">
     <span class='ocr_line' id='line_1_1' title="bbox 1017 158 1229 199; baseline 0.005 -11"><span class='ocrx_word' id='word_1_1' title='bbox 1017 158 1229 199; x_wconf 64' lang='lat'>—28—</span> 
     </span>
    </p>
   </div>
   <div class='ocr_carea' id='block_1_2' title="bbox 425 239 1839 1012">
    <p class='ocr_par' dir='ltr' id='par_1_2' title="bbox 425 239 1839 1012">
     <span class='ocr_line' id='line_1_2' title="bbox 479 239 1834 293; baseline 0 -14"><span class='ocrx_word' id='word_1_2' title='bbox 479 245 647 293; x_wconf 76' lang='lat' dir='ltr'>putant,</span> <span class='ocrx_word' id='word_1_3' title='bbox 678 241 873 291; x_wconf 85' lang='lat' dir='ltr'>quosdam</span> <span class='ocrx_word' id='word_1_4' title='bbox 899 241 1037 280; x_wconf 70' lang='lat' dir='ltr'>elatior</span> <span class='ocrx_word' id='word_1_5' title='bbox 1064 242 1215 293; x_wconf 73' lang='lat' dir='ltr'>ingenii</span> <span class='ocrx_word' id='word_1_6' title='bbox 1248 241 1306 279; x_wconf 79' lang='lat' dir='ltr'>vis</span> <span class='ocrx_word' id='word_1_7' title='bbox 1337 244 1376 279; x_wconf 84' lang='lat' dir='ltr'>et.</span> <span class='ocrx_word' id='word_1_8' title='bbox 1408 239 1535 289; x_wconf 81' lang='lat' dir='ltr'>magis</span> <span class='ocrx_word' id='word_1_9' title='bbox 1568 239 1763 280; x_wconf 83' lang='lat' dir='ltr'>concitata</span> <span class='ocrx_word' id='word_1_10' title='bbox 1797 243 1834 279; x_wconf 86' lang='lat' dir='ltr'>et</span> 
     </span>
     <span class='ocr_line' id='line_1_3' title="bbox 478 306 1835 358; baseline -0.001 -13"><span class='ocrx_word' id='word_1_11' title='bbox 478 308 594 358; x_wconf 79' lang='lat' dir='ltr'>plena</span> <span class='ocrx_word' id='word_1_12' title='bbox 614 307 781 358; x_wconf 84' lang='lat' dir='ltr'>spiritus</span> <span class='ocrx_word' id='word_1_13' title='bbox 802 308 922 358; x_wconf 84' lang='lat' dir='ltr'>capit,</span> <span class='ocrx_word' id='word_1_14' title='bbox 946 311 1041 345; x_wconf 84' lang='lat' dir='ltr'>sunt</span> <span class='ocrx_word' id='word_1_15' title='bbox 1061 308 1182 345; x_wconf 84' lang='lat' dir='ltr'>etiam</span> <span class='ocrx_word' id='word_1_16' title='bbox 1206 307 1307 345; x_wconf 84' lang='lat' dir='ltr'>lenis</span> <span class='ocrx_word' id='word_1_17' title='bbox 1337 310 1375 344; x_wconf 84' lang='lat' dir='ltr'>et</span> <span class='ocrx_word' id='word_1_18' title='bbox 1407 306 1521 344; x_wconf 83' lang='lat' dir='ltr'>nitidi</span> <span class='ocrx_word' id='word_1_19' title='bbox 1556 310 1594 344; x_wconf 92' lang='lat' dir='ltr'>et</span> <span class='ocrx_word' id='word_1_20' title='bbox 1626 307 1835 357; x_wconf 83' lang='lat' dir='ltr'>compositi</span> 
     </span>
     <span class='ocr_line' id='line_1_4' title="bbox 477 370 1835 422; baseline -0.001 -12"><span class='ocrx_word' id='word_1_21' title='bbox 477 372 637 422; x_wconf 79' lang='lat' dir='ltr'>generis</span> <span class='ocrx_word' id='word_1_22' title='bbox 660 384 739 410; x_wconf 90' lang='lat' dir='ltr'>non</span> <span class='ocrx_word' id='word_1_23' title='bbox 761 372 876 422; x_wconf 84' lang='lat' dir='ltr'>pauci</span> <span class='ocrx_word' id='word_1_24' title='bbox 897 376 1110 411; x_wconf 83' lang='lat' dir='ltr'>amatores.</span> <span class='ocrx_word' id='word_1_25' title='bbox 1128 372 1185 410; x_wconf 90' lang='lat' dir='ltr'>De</span> <span class='ocrx_word' id='word_1_26' title='bbox 1200 384 1274 422; x_wconf 81' lang='lat' dir='ltr'>qua</span> <span class='ocrx_word' id='word_1_27' title='bbox 1292 371 1517 409; x_wconf 81' lang='lat' dir='ltr'>differentia</span> <span class='ocrx_word' id='word_1_28' title='bbox 1532 371 1726 409; x_wconf 78' lang='lat' dir='ltr'>disseram</span> <span class='ocrx_word' id='word_1_29' title='bbox 1747 370 1835 408; x_wconf 91' lang='lat' dir='ltr'>dili-</span> 
     </span>
     <span class='ocr_line' id='line_1_5' title="bbox 478 436 1832 487; baseline -0.001 -12"><span class='ocrx_word' id='word_1_30' title='bbox 478 437 665 487; x_wconf 82' lang='lat' dir='ltr'>gentius,</span> <span class='ocrx_word' id='word_1_31' title='bbox 705 449 799 475; x_wconf 82' lang='lat' dir='ltr'>cum</span> <span class='ocrx_word' id='word_1_32' title='bbox 830 437 878 475; x_wconf 89' lang='lat' dir='ltr'>de</span> <span class='ocrx_word' id='word_1_33' title='bbox 906 450 1052 487; x_wconf 80' lang='lat' dir='ltr'>genere</span> <span class='ocrx_word' id='word_1_34' title='bbox 1094 437 1253 475; x_wconf 87' lang='lat' dir='ltr'>dicendi</span> <span class='ocrx_word' id='word_1_35' title='bbox 1283 436 1561 487; x_wconf 84' lang='lat' dir='ltr'>quaerendum</span> <span class='ocrx_word' id='word_1_36' title='bbox 1588 437 1692 474; x_wconf 82' lang='lat' dir='ltr'>erit:</span> <span class='ocrx_word' id='word_1_37' title='bbox 1726 436 1832 474; x_wconf 89' lang='lat' dir='ltr'>inte-</span> 
     </span>
     <span class='ocr_line' id='line_1_6' title="bbox 476 502 1834 554; baseline -0.001 -13"><span class='ocrx_word' id='word_1_38' title='bbox 476 504 554 541; x_wconf 88' lang='lat' dir='ltr'>rim</span> <span class='ocrx_word' id='word_1_39' title='bbox 588 503 841 553; x_wconf 80' lang='lat' dir='ltr'>summatim,</span> <span class='ocrx_word' id='word_1_40' title='bbox 872 515 894 541; x_wconf 87' lang='lat' dir='ltr'>a</span> <span class='ocrx_word' id='word_1_41' title='bbox 932 515 1010 553; x_wconf 89' lang='lat' dir='ltr'>qua</span> <span class='ocrx_word' id='word_1_42' title='bbox 1042 503 1211 541; x_wconf 87' lang='lat' dir='ltr'>lectione</span> <span class='ocrx_word' id='word_1_43' title='bbox 1254 506 1387 554; x_wconf 85' lang='lat' dir='ltr'>petere</span> <span class='ocrx_word' id='word_1_44' title='bbox 1426 502 1593 553; x_wconf 81' lang='lat' dir='ltr'>possint,</span> <span class='ocrx_word' id='word_1_45' title='bbox 1639 502 1707 553; x_wconf 87' lang='lat' dir='ltr'>qui</span> <span class='ocrx_word' id='word_1_46' title='bbox 1735 514 1834 539; x_wconf 90' lang='lat' dir='ltr'>con-</span> 
     </span>
     <span class='ocr_line' id='line_1_7' title="bbox 425 567 1835 619; baseline -0.001 -13"><span class='ocrx_word' id='word_1_47' title='bbox 425 582 450 606; x_wconf 72' lang='grc' dir='ltr'>ι)</span> <span class='ocrx_word' id='word_1_48' title='bbox 480 568 643 606; x_wconf 83' lang='lat' dir='ltr'>firmare</span> <span class='ocrx_word' id='word_1_49' title='bbox 663 567 894 606; x_wconf 76' lang='lat' dir='ltr'>facultatem</span> <span class='ocrx_word' id='word_1_50' title='bbox 925 567 1083 605; x_wconf 85' lang='lat' dir='ltr'>dicendi</span> <span class='ocrx_word' id='word_1_51' title='bbox 1112 568 1259 618; x_wconf 84' lang='lat' dir='ltr'>volent,</span> <span class='ocrx_word' id='word_1_52' title='bbox 1291 569 1515 617; x_wconf 82' lang='lat' dir='ltr'>attingam:</span> <span class='ocrx_word' id='word_1_53' title='bbox 1551 579 1697 619; x_wconf 85' lang='lat' dir='ltr'>paucos</span> <span class='ocrx_word' id='word_1_54' title='bbox 1726 567 1835 605; x_wconf 90' lang='lat' dir='ltr'>enim</span> 
     </span>
     <span class='ocr_line' id='line_1_8' title="bbox 480 632 1836 685; baseline -0.001 -14"><span class='ocrx_word' id='word_1_55' title='bbox 480 634 592 685; x_wconf 87' lang='lat' dir='ltr'>(sunt</span> <span class='ocrx_word' id='word_1_56' title='bbox 613 635 760 672; x_wconf 83' lang='lat' dir='ltr'>autem</span> <span class='ocrx_word' id='word_1_57' title='bbox 781 632 1111 682; x_wconf 85' lang='lat' dir='ltr'>eminentissimi)</span> <span class='ocrx_word' id='word_1_58' title='bbox 1132 645 1346 684; x_wconf 79' lang='lat' dir='ltr'>excerpere</span> <span class='ocrx_word' id='word_1_59' title='bbox 1368 634 1407 671; x_wconf 91' lang='lat' dir='ltr'>in</span> <span class='ocrx_word' id='word_1_60' title='bbox 1436 633 1569 671; x_wconf 83' lang='lat' dir='ltr'>animo</span> <span class='ocrx_word' id='word_1_61' title='bbox 1598 636 1672 671; x_wconf 90' lang='lat' dir='ltr'>est.</span> <span class='ocrx_word' id='word_1_62' title='bbox 1705 632 1836 671; x_wconf 83' lang='lat' dir='ltr'>Facile</span> 
     </span>
     <span class='ocr_line' id='line_1_9' title="bbox 479 698 1837 750; baseline -0.001 -13"><span class='ocrx_word' id='word_1_63' title='bbox 479 703 540 738; x_wconf 87' lang='lat' dir='ltr'>est</span> <span class='ocrx_word' id='word_1_64' title='bbox 559 702 694 737; x_wconf 88' lang='lat' dir='ltr'>autem</span> <span class='ocrx_word' id='word_1_65' title='bbox 716 698 921 748; x_wconf 82' lang='lat' dir='ltr'>studiosis,</span> <span class='ocrx_word' id='word_1_66' title='bbox 947 699 1015 750; x_wconf 91' lang='lat' dir='ltr'>qui</span> <span class='ocrx_word' id='word_1_67' title='bbox 1038 698 1119 737; x_wconf 84' lang='lat' dir='ltr'>sint</span> <span class='ocrx_word' id='word_1_68' title='bbox 1138 699 1202 737; x_wconf 90' lang='lat' dir='ltr'>his</span> <span class='ocrx_word' id='word_1_69' title='bbox 1222 698 1645 749; x_wconf 80' lang='lat' dir='ltr'>simillimi,judicare‚</span> <span class='ocrx_word' id='word_1_70' title='bbox 1664 711 1714 736; x_wconf 90' lang='lat' dir='ltr'>ne</span> <span class='ocrx_word' id='word_1_71' title='bbox 1728 698 1837 749; x_wconf 87' lang='lat' dir='ltr'>quis-</span> 
     </span>
     <span class='ocr_line' id='line_1_10' title="bbox 480 764 1835 817; baseline 0 -14"><span class='ocrx_word' id='word_1_72' title='bbox 480 777 603 815; x_wconf 82' lang='lat' dir='ltr'>quam</span> <span class='ocrx_word' id='word_1_73' title='bbox 624 768 830 816; x_wconf 80' lang='lat' dir='ltr'>queratur,</span> <span class='ocrx_word' id='word_1_74' title='bbox 854 764 1023 802; x_wconf 83' lang='lat' dir='ltr'>omissos</span> <span class='ocrx_word' id='word_1_75' title='bbox 1043 765 1145 802; x_wconf 83' lang='lat' dir='ltr'>forte</span> <span class='ocrx_word' id='word_1_76' title='bbox 1166 765 1334 815; x_wconf 84' lang='lat' dir='ltr'>aliquos,</span> <span class='ocrx_word' id='word_1_77' title='bbox 1360 777 1459 815; x_wconf 88' lang='lat' dir='ltr'>quos</span> <span class='ocrx_word' id='word_1_78' title='bbox 1482 766 1566 816; x_wconf 80' lang='lat' dir='ltr'>ipse</span> <span class='ocrx_word' id='word_1_79' title='bbox 1595 765 1707 803; x_wconf 82' lang='lat' dir='ltr'>valde</span> <span class='ocrx_word' id='word_1_80' title='bbox 1740 778 1835 817; x_wconf 92' lang='lat' dir='ltr'>pro-</span> 
     </span>
     <span class='ocr_line' id='line_1_11' title="bbox 480 829 1832 881; baseline 0.001 -14"><span class='ocrx_word' id='word_1_81' title='bbox 480 829 572 868; x_wconf 84' lang='lat' dir='ltr'>bet:</span> <span class='ocrx_word' id='word_1_82' title='bbox 598 830 723 868; x_wconf 84' lang='lat' dir='ltr'>fateor</span> <span class='ocrx_word' id='word_1_83' title='bbox 744 830 853 867; x_wconf 91' lang='lat' dir='ltr'>enim</span> <span class='ocrx_word' id='word_1_84' title='bbox 874 829 1009 880; x_wconf 89' lang='lat' dir='ltr'>plures</span> <span class='ocrx_word' id='word_1_85' title='bbox 1031 829 1220 879; x_wconf 78' lang='lat' dir='ltr'>legendos</span> <span class='ocrx_word' id='word_1_86' title='bbox 1241 842 1327 868; x_wconf 86' lang='lat' dir='ltr'>esse</span> <span class='ocrx_word' id='word_1_87' title='bbox 1348 842 1470 881; x_wconf 80' lang='lat' dir='ltr'>quam</span> <span class='ocrx_word' id='word_1_88' title='bbox 1491 831 1560 880; x_wconf 90' lang='lat' dir='ltr'>qui</span> <span class='ocrx_word' id='word_1_89' title='bbox 1580 843 1602 869; x_wconf 86' lang='lat' dir='ltr'>a</span> <span class='ocrx_word' id='word_1_90' title='bbox 1624 843 1688 868; x_wconf 92' lang='lat' dir='ltr'>me</span> <span class='ocrx_word' id='word_1_91' title='bbox 1703 831 1832 870; x_wconf 89' lang='lat' dir='ltr'>nomi-</span> 
     </span>
     <span class='ocr_line' id='line_1_12' title="bbox 481 893 1839 947; baseline 0.001 -15"><span class='ocrx_word' id='word_1_92' title='bbox 481 893 702 932; x_wconf 84' lang='lat' dir='ltr'>nabuntur.</span> <span class='ocrx_word' id='word_1_93' title='bbox 727 894 805 933; x_wconf 86' lang='lat' dir='ltr'>Sed</span> <span class='ocrx_word' id='word_1_94' title='bbox 827 906 935 932; x_wconf 87' lang='lat' dir='ltr'>nunc</span> <span class='ocrx_word' id='word_1_95' title='bbox 955 906 1101 944; x_wconf 85' lang='lat' dir='ltr'>genera</span> <span class='ocrx_word' id='word_1_96' title='bbox 1122 894 1208 945; x_wconf 80' lang='lat' dir='ltr'>ipsa</span> <span class='ocrx_word' id='word_1_97' title='bbox 1229 894 1462 943; x_wconf 83' lang='lat' dir='ltr'>lectionum,</span> <span class='ocrx_word' id='word_1_98' title='bbox 1493 908 1595 947; x_wconf 85' lang='lat' dir='ltr'>quae</span> <span class='ocrx_word' id='word_1_99' title='bbox 1624 896 1839 947; x_wconf 82' lang='lat' dir='ltr'>praecipue</span> 
     </span>
     <span class='ocr_line' id='line_1_13' title="bbox 482 958 1838 1012; baseline 0.002 -16"><span class='ocrx_word' id='word_1_100' title='bbox 482 959 695 997; x_wconf 87' lang='lat' dir='ltr'>convenire</span> <span class='ocrx_word' id='word_1_101' title='bbox 716 958 1034 1010; x_wconf 79' lang='lat' dir='ltr'>intendentibus,</span> <span class='ocrx_word' id='word_1_102' title='bbox 1058 963 1103 998; x_wconf 88' lang='lat' dir='ltr'>ut</span> <span class='ocrx_word' id='word_1_103' title='bbox 1122 963 1298 998; x_wconf 82' lang='lat' dir='ltr'>oratores</span> <span class='ocrx_word' id='word_1_104' title='bbox 1326 960 1438 1010; x_wconf 79' lang='lat' dir='ltr'>fiant,</span> <span class='ocrx_word' id='word_1_105' title='bbox 1474 961 1718 1012; x_wconf 79' lang='lat' dir='ltr'>existimem,</span> <span class='ocrx_word' id='word_1_106' title='bbox 1750 973 1838 1012; x_wconf 93' lang='lat' dir='ltr'>per-</span> 
     </span>
    </p>
   </div>
   <div class='ocr_carea' id='block_1_3' title="bbox 489 1036 649 1076">
    <p class='ocr_par' dir='ltr' id='par_1_3' title="bbox 489 1036 649 1076">
     <span class='ocr_line' id='line_1_14' title="bbox 489 1036 649 1076; baseline 0.006 -13"><span class='ocrx_word' id='word_1_107' title='bbox 489 1036 649 1076; x_wconf 80' lang='lat' dir='ltr'>sequar.</span> 
     </span>
    </p>
   </div>
   <div class='ocr_carea' id='block_1_4' title="bbox 398 1119 1094 2934">
    <p class='ocr_par' dir='ltr' id='par_1_4' title="bbox 398 1119 1090 1726">
     <span class='ocr_line' id='line_1_15' title="bbox 402 1119 1087 1167; baseline 0.001 -12"><span class='ocrx_word' id='word_1_108' title='bbox 402 1120 660 1167; x_wconf 84' lang='lat' dir='ltr'>expressions</span> <span class='ocrx_word' id='word_1_109' title='bbox 692 1119 741 1155; x_wconf 90' lang='lat' dir='ltr'>de</span> <span class='ocrx_word' id='word_1_110' title='bbox 777 1122 1087 1157; x_wconf 73' lang='lat' dir='ltr'>salubritatem</span> 
     </span>
     <span class='ocr_line' id='line_1_16' title="bbox 402 1168 1088 1213; baseline 0.003 -10"><span class='ocrx_word' id='word_1_111' title='bbox 402 1168 565 1203; x_wconf 84' lang='lat' dir='ltr'>atticae</span> <span class='ocrx_word' id='word_1_112' title='bbox 585 1168 792 1203; x_wconf 70' lang='lat' dir='ltr'>dictionis</span> <span class='ocrx_word' id='word_1_113' title='bbox 813 1172 853 1203; x_wconf 88' lang='lat' dir='ltr'>et</span> <span class='ocrx_word' id='word_1_114' title='bbox 875 1171 1002 1213; x_wconf 82' lang='lat' dir='ltr'>quasi</span> <span class='ocrx_word' id='word_1_115' title='bbox 1023 1179 1088 1205; x_wconf 88' lang='lat' dir='ltr'>sa-</span> 
     </span>
     <span class='ocr_line' id='line_1_17' title="bbox 404 1216 1085 1261; baseline 0.004 -12"><span class='ocrx_word' id='word_1_116' title='bbox 404 1216 592 1250; x_wconf 76' lang='lat' dir='ltr'>nitatem</span> <span class='ocrx_word' id='word_1_117' title='bbox 613 1216 752 1258; x_wconf 77' lang='lat' dir='ltr'>(Brut.</span> <span class='ocrx_word' id='word_1_118' title='bbox 774 1216 833 1259; x_wconf 89' lang='grc'>13,</span> <span class='ocrx_word' id='word_1_119' title='bbox 855 1216 932 1261; x_wconf 79' lang='lat'>51),</span> <span class='ocrx_word' id='word_1_120' title='bbox 956 1217 1006 1252; x_wconf 81' lang='lat' dir='ltr'>cf.</span> <span class='ocrx_word' id='word_1_121' title='bbox 1026 1216 1085 1257; x_wconf 67' lang='lat'>82,</span> 
     </span>
     <span class='ocr_line' id='line_1_18' title="bbox 402 1262 1087 1309; baseline 0.003 -12"><span class='ocrx_word' id='word_1_122' title='bbox 402 1262 493 1298; x_wconf 68' lang='lat'><strong>284:</strong></span> <span class='ocrx_word' id='word_1_123' title='bbox 518 1263 758 1298; x_wconf 75' lang='lat' dir='ltr'>sanitatem</span> <span class='ocrx_word' id='word_1_124' title='bbox 789 1267 827 1298; x_wconf 83' lang='lat' dir='ltr'>el</span> <span class='ocrx_word' id='word_1_125' title='bbox 857 1264 1087 1309; x_wconf 58' lang='lat' dir='ltr'>integrita-</span> 
     </span>
     <span class='ocr_line' id='line_1_19' title="bbox 406 1311 1085 1347; baseline 0 -2"><span class='ocrx_word' id='word_1_126' title='bbox 406 1313 489 1345; x_wconf 87' lang='lat' dir='ltr'>tem</span> <span class='ocrx_word' id='word_1_127' title='bbox 515 1311 704 1346; x_wconf 73' lang='lat' dir='ltr'>orator-is</span> <span class='ocrx_word' id='word_1_128' title='bbox 725 1311 776 1346; x_wconf 86' lang='lat' dir='ltr'>cf.</span> <span class='ocrx_word' id='word_1_129' title='bbox 799 1311 944 1347; x_wconf 74' lang='lat' dir='ltr'>TAorr.</span> <span class='ocrx_word' id='word_1_130' title='bbox 973 1313 1085 1347; x_wconf 89' lang='lat' dir='ltr'>Dial.</span> 
     </span>
     <span class='ocr_line' id='line_1_20' title="bbox 406 1357 1090 1404; baseline 0.006 -13"><span class='ocrx_word' id='word_1_131' title='bbox 406 1357 474 1392; x_wconf 65' lang='lat'>23:</span> <span class='ocrx_word' id='word_1_132' title='bbox 507 1358 634 1392; x_wconf 84' lang='lat' dir='ltr'>illam</span> <span class='ocrx_word' id='word_1_133' title='bbox 667 1359 808 1402; x_wconf 79' lang='lat' dir='ltr'>ipsam</span> <span class='ocrx_word' id='word_1_134' title='bbox 835 1369 968 1404; x_wconf 78' lang='lat' dir='ltr'>quam</span> <span class='ocrx_word' id='word_1_135' title='bbox 988 1361 1090 1403; x_wconf 79' lang='lat' dir='ltr'>jac-</span> 
     </span>
     <span class='ocr_line' id='line_1_21' title="bbox 407 1406 1086 1452; baseline 0.003 -12"><span class='ocrx_word' id='word_1_136' title='bbox 407 1407 504 1440; x_wconf 79' lang='lat' dir='ltr'>tant</span> <span class='ocrx_word' id='word_1_137' title='bbox 524 1406 789 1447; x_wconf 79' lang='lat' dir='ltr'>sanitatem;</span> <span class='ocrx_word' id='word_1_138' title='bbox 808 1409 846 1441; x_wconf 83' lang='lat' dir='ltr'>et</span> <span class='ocrx_word' id='word_1_139' title='bbox 867 1406 959 1452; x_wconf 85' lang='lat' dir='ltr'>plus</span> <span class='ocrx_word' id='word_1_140' title='bbox 980 1406 1086 1442; x_wconf 85' lang='lat' dir='ltr'>loin:</span> 
     </span>
     <span class='ocr_line' id='line_1_22' title="bbox 398 1453 1088 1500; baseline 0.004 -14"><span class='ocrx_word' id='word_1_141' title='bbox 398 1462 532 1496; x_wconf 77' lang='lat' dir='ltr'>prope</span> <span class='ocrx_word' id='word_1_142' title='bbox 567 1453 686 1487; x_wconf 84' lang='lat' dir='ltr'>abest</span> <span class='ocrx_word' id='word_1_143' title='bbox 725 1454 776 1488; x_wconf 83' lang='lat' dir='ltr'>ab</span> <span class='ocrx_word' id='word_1_144' title='bbox 811 1455 1088 1500; x_wconf 74' lang='lat' dir='ltr'>infirmitate,</span> 
     </span>
     <span class='ocr_line' id='line_1_23' title="bbox 404 1501 1088 1544; baseline 0.006 -10"><span class='ocrx_word' id='word_1_145' title='bbox 404 1501 452 1534; x_wconf 73' lang='lat' dir='ltr'>in</span> <span class='ocrx_word' id='word_1_146' title='bbox 469 1510 550 1544; x_wconf 84' lang='lat' dir='ltr'>quo</span> <span class='ocrx_word' id='word_1_147' title='bbox 565 1501 657 1535; x_wconf 87' lang='lat' dir='ltr'>sola</span> <span class='ocrx_word' id='word_1_148' title='bbox 672 1502 846 1536; x_wconf 75' lang='lat' dir='ltr'>sanitas</span> <span class='ocrx_word' id='word_1_149' title='bbox 861 1503 1088 1538; x_wconf 80' lang='lat' dir='ltr'>laudatur.</span> 
     </span>
     <span class='ocr_line' id='line_1_24' title="bbox 404 1547 1087 1591; baseline 0.003 -9"><span class='ocrx_word' id='word_1_150' title='bbox 404 1547 500 1583; x_wconf 85' lang='lat' dir='ltr'>Voir</span> <span class='ocrx_word' id='word_1_151' title='bbox 520 1557 662 1583; x_wconf 84' lang='lat' dir='ltr'>encore</span> <span class='ocrx_word' id='word_1_152' title='bbox 682 1547 769 1583; x_wconf 74' lang='lat' dir='ltr'>Cm.</span> <span class='ocrx_word' id='word_1_153' title='bbox 794 1549 910 1583; x_wconf 74' lang='lat' dir='ltr'>Orat.</span> <span class='ocrx_word' id='word_1_154' title='bbox 934 1549 994 1591; x_wconf 69' lang='lat'>25,</span> <span class='ocrx_word' id='word_1_155' title='bbox 1016 1549 1087 1584; x_wconf 75' lang='lat'>90:</span> 
     </span>
     <span class='ocr_line' id='line_1_25' title="bbox 405 1594 1090 1639; baseline 0.004 -10"><span class='ocrx_word' id='word_1_156' title='bbox 405 1594 622 1639; x_wconf 78' lang='lat' dir='ltr'>Quidquid</span> <span class='ocrx_word' id='word_1_157' title='bbox 652 1598 714 1630; x_wconf 84' lang='lat' dir='ltr'>est</span> <span class='ocrx_word' id='word_1_158' title='bbox 734 1597 902 1631; x_wconf 88' lang='lat' dir='ltr'>salsum</span> <span class='ocrx_word' id='word_1_159' title='bbox 924 1599 1004 1631; x_wconf 83' lang='lat' dir='ltr'>aut</span> <span class='ocrx_word' id='word_1_160' title='bbox 1024 1607 1090 1632; x_wconf 88' lang='lat' dir='ltr'>sa-</span> 
     </span>
     <span class='ocr_line' id='line_1_26' title="bbox 407 1643 1089 1688; baseline 0.006 -12"><span class='ocrx_word' id='word_1_161' title='bbox 407 1643 525 1677; x_wconf 84' lang='lat' dir='ltr'>lubre</span> <span class='ocrx_word' id='word_1_162' title='bbox 547 1643 594 1677; x_wconf 75' lang='lat' dir='ltr'>in</span> <span class='ocrx_word' id='word_1_163' title='bbox 617 1643 829 1686; x_wconf 78' lang='lat' dir='ltr'>oratione,</span> <span class='ocrx_word' id='word_1_164' title='bbox 854 1645 900 1678; x_wconf 87' lang='lat' dir='ltr'>id</span> <span class='ocrx_word' id='word_1_165' title='bbox 913 1644 1089 1688; x_wconf 73' lang='lat' dir='ltr'>proprie</span> 
     </span>
     <span class='ocr_line' id='line_1_27' title="bbox 403 1690 746 1726; baseline 0.003 -2"><span class='ocrx_word' id='word_1_166' title='bbox 403 1690 647 1725; x_wconf 81' lang='lat' dir='ltr'>Atticorum</span> <span class='ocrx_word' id='word_1_167' title='bbox 670 1694 746 1726; x_wconf 85' lang='lat' dir='ltr'>est.</span> 
     </span>
    </p>

    <p class='ocr_par' dir='ltr' id='par_1_5' title="bbox 404 1738 1093 2306">
     <span class='ocr_line' id='line_1_28' title="bbox 451 1738 1090 1782; baseline 0.005 -11"><span class='ocrx_word' id='word_1_168' title='bbox 451 1738 622 1773; x_wconf 75' lang='lat' dir='ltr'>Elatior</span> <span class='ocrx_word' id='word_1_169' title='bbox 643 1738 813 1782; x_wconf 67' lang='lat' dir='ltr'>iizyenii</span> <span class='ocrx_word' id='word_1_170' title='bbox 835 1738 912 1773; x_wconf 74' lang='lat' dir='ltr'>vis.</span> <span class='ocrx_word' id='word_1_171' title='bbox 937 1738 978 1774; x_wconf 84' lang='lat' dir='ltr'>Si</span> <span class='ocrx_word' id='word_1_172' title='bbox 1004 1738 1090 1774; x_wconf 80' lang='lat' dir='ltr'>l&#39;at-</span> 
     </span>
     <span class='ocr_line' id='line_1_29' title="bbox 404 1784 1088 1831; baseline 0.003 -12"><span class='ocrx_word' id='word_1_173' title='bbox 404 1784 562 1820; x_wconf 83' lang='lat' dir='ltr'>tieisme</span> <span class='ocrx_word' id='word_1_174' title='bbox 589 1786 649 1820; x_wconf 87' lang='lat' dir='ltr'>est</span> <span class='ocrx_word' id='word_1_175' title='bbox 682 1784 722 1820; x_wconf 87' lang='grc'>13</span> <span class='ocrx_word' id='word_1_176' title='bbox 771 1786 993 1831; x_wconf 80' lang='lat' dir='ltr'>perfection</span> <span class='ocrx_word' id='word_1_177' title='bbox 1036 1786 1088 1821; x_wconf 85' lang='lat' dir='ltr'>du</span> 
     </span>
     <span class='ocr_line' id='line_1_30' title="bbox 406 1831 1092 1887; baseline 0.004 -21"><span class='ocrx_word' id='word_1_178' title='bbox 406 1831 510 1877; x_wconf 78' lang='lat' dir='ltr'>style</span> <span class='ocrx_word' id='word_1_179' title='bbox 547 1832 706 1878; x_wconf 87' lang='lat' dir='ltr'>simple,</span> <span class='ocrx_word' id='word_1_180' title='bbox 741 1843 804 1867; x_wconf 80' lang='lat' dir='ltr'>(es</span> <span class='ocrx_word' id='word_1_181' title='bbox 835 1833 1092 1887; x_wconf 81' lang='lat' dir='ltr'>expressions</span> 
     </span>
     <span class='ocr_line' id='line_1_31' title="bbox 406 1879 1091 1928; baseline 0.003 -14"><span class='ocrx_word' id='word_1_182' title='bbox 406 1889 447 1914; x_wconf 90' lang='lat' dir='ltr'>se</span> <span class='ocrx_word' id='word_1_183' title='bbox 479 1879 833 1926; x_wconf 67' lang='grc' dir='ltr'>13ΡῙ)ο1·ῑ3111313</span> <span class='ocrx_word' id='word_1_184' title='bbox 854 1881 1091 1928; x_wconf 78' lang='lat' dir='ltr'>conception</span> 
     </span>
     <span class='ocr_line' id='line_1_32' title="bbox 406 1927 1091 1972; baseline 0.001 -11"><span class='ocrx_word' id='word_1_185' title='bbox 406 1927 459 1961; x_wconf 91' lang='lat' dir='ltr'>du</span> <span class='ocrx_word' id='word_1_186' title='bbox 482 1927 585 1972; x_wconf 87' lang='lat' dir='ltr'>style</span> <span class='ocrx_word' id='word_1_187' title='bbox 599 1927 785 1962; x_wconf 84' lang='lat' dir='ltr'>sublime.</span> <span class='ocrx_word' id='word_1_188' title='bbox 791 1929 987 1972; x_wconf 73' lang='lat' dir='ltr'>——Magyis</span> <span class='ocrx_word' id='word_1_189' title='bbox 999 1939 1091 1964; x_wconf 79' lang='grc' dir='ltr'>(3οη-</span> 
     </span>
     <span class='ocr_line' id='line_1_33' title="bbox 406 1965 1091 2030; baseline 0.003 -22"><span class='ocrx_word' id='word_1_190' title='bbox 406 1975 479 2009; x_wconf 82' lang='lat' dir='ltr'>cit.</span> <span class='ocrx_word' id='word_1_191' title='bbox 511 1965 888 2030; x_wconf 81' lang='lat' dir='ltr'>Quintilien,ap1es</span> <span class='ocrx_word' id='word_1_192' title='bbox 910 1986 965 2010; x_wconf 89' lang='lat' dir='ltr'>un</span> <span class='ocrx_word' id='word_1_193' title='bbox 987 1986 1091 2011; x_wconf 85' lang='lat' dir='ltr'>com-</span> 
     </span>
     <span class='ocr_line' id='line_1_34' title="bbox 405 2021 1091 2068; baseline 0.004 -13"><span class='ocrx_word' id='word_1_194' title='bbox 405 2021 559 2068; x_wconf 73' lang='lat' dir='ltr'>palatis</span> <span class='ocrx_word' id='word_1_195' title='bbox 595 2022 737 2057; x_wconf 80' lang='grc'>31113113</span> <span class='ocrx_word' id='word_1_196' title='bbox 758 2025 929 2058; x_wconf 83' lang='lat' dir='ltr'>souvent</span> <span class='ocrx_word' id='word_1_197' title='bbox 952 2024 1091 2068; x_wconf 58' lang='lat' dir='ltr'>massis</span> 
     </span>
     <span class='ocr_line' id='line_1_35' title="bbox 408 2068 1089 2115; baseline 0.003 -12"><span class='ocrx_word' id='word_1_198' title='bbox 408 2078 503 2104; x_wconf 85' lang='lat' dir='ltr'>avec</span> <span class='ocrx_word' id='word_1_199' title='bbox 537 2068 572 2104; x_wconf 89' lang='lat' dir='ltr'>le</span> <span class='ocrx_word' id='word_1_200' title='bbox 606 2069 760 2115; x_wconf 78' lang='lat' dir='ltr'>positis.</span> <span class='ocrx_word' id='word_1_201' title='bbox 793 2069 854 2104; x_wconf 87' lang='lat' dir='ltr'>Cf.</span> <span class='ocrx_word' id='word_1_202' title='bbox 886 2070 1007 2113; x_wconf 79' lang='lat' dir='ltr'>infra,</span> <span class='ocrx_word' id='word_1_203' title='bbox 1031 2071 1089 2109; x_wconf 77' lang='lat'>74.</span> 
     </span>
     <span class='ocr_line' id='line_1_36' title="bbox 408 2116 1089 2160; baseline 0.004 -10"><span class='ocrx_word' id='word_1_204' title='bbox 408 2116 467 2158; x_wconf 78' lang='lat'>77,</span> <span class='ocrx_word' id='word_1_205' title='bbox 498 2116 558 2151; x_wconf 75' lang='lat'>94.</span> <span class='ocrx_word' id='word_1_206' title='bbox 589 2137 633 2140; x_wconf 97' lang='lat'><strong>—</strong></span> <span class='ocrx_word' id='word_1_207' title='bbox 657 2118 798 2152; x_wconf 77' lang='lat' dir='ltr'>Plena</span> <span class='ocrx_word' id='word_1_208' title='bbox 822 2118 1020 2160; x_wconf 74' lang='lat' dir='ltr'>spiritus.</span> <span class='ocrx_word' id='word_1_209' title='bbox 1044 2119 1089 2153; x_wconf 91' lang='lat' dir='ltr'>V.</span> 
     </span>
     <span class='ocr_line' id='line_1_37' title="bbox 408 2162 1092 2209; baseline 0.006 -13"><span class='ocrx_word' id='word_1_210' title='bbox 408 2162 501 2209; x_wconf 86' lang='lat' dir='ltr'>plus</span> <span class='ocrx_word' id='word_1_211' title='bbox 521 2163 634 2207; x_wconf 80' lang='lat' dir='ltr'>haut,</span> <span class='ocrx_word' id='word_1_212' title='bbox 656 2164 702 2198; x_wconf 67' lang='lat'>27</span> <span class='ocrx_word' id='word_1_213' title='bbox 732 2166 770 2199; x_wconf 88' lang='lat' dir='ltr'>et</span> <span class='ocrx_word' id='word_1_214' title='bbox 787 2164 845 2199; x_wconf 85' lang='grc'>16.</span> <span class='ocrx_word' id='word_1_215' title='bbox 869 2165 1092 2206; x_wconf 83' lang='lat' dir='ltr'>Quintilien</span> 
     </span>
     <span class='ocr_line' id='line_1_38' title="bbox 409 2211 1091 2258; baseline 0.004 -14"><span class='ocrx_word' id='word_1_216' title='bbox 409 2220 619 2256; x_wconf 83' lang='lat' dir='ltr'>remarque</span> <span class='ocrx_word' id='word_1_217' title='bbox 639 2211 725 2256; x_wconf 83' lang='lat' dir='ltr'>(IX,</span> <span class='ocrx_word' id='word_1_218' title='bbox 747 2211 783 2254; x_wconf 89' lang='grc'>3,</span> <span class='ocrx_word' id='word_1_219' title='bbox 806 2211 929 2258; x_wconf 58' lang='grc'>1)(1113</span> <span class='ocrx_word' id='word_1_220' title='bbox 951 2213 998 2247; x_wconf 83' lang='lat' dir='ltr'>de</span> <span class='ocrx_word' id='word_1_221' title='bbox 1019 2224 1091 2247; x_wconf 78' lang='grc'>5311</span> 
     </span>
     <span class='ocr_line' id='line_1_39' title="bbox 410 2259 1093 2306; baseline 0.004 -14"><span class='ocrx_word' id='word_1_222' title='bbox 410 2260 541 2303; x_wconf 89' lang='lat' dir='ltr'>temps</span> <span class='ocrx_word' id='word_1_223' title='bbox 583 2260 739 2302; x_wconf 75' lang='lat' dir='ltr'>plenus</span> <span class='ocrx_word' id='word_1_224' title='bbox 794 2269 811 2293; x_wconf 89' lang='lat' dir='ltr'>s</span> <span class='ocrx_word' id='word_1_225' title='bbox 815 2259 1001 2306; x_wconf 86' lang='lat' dir='ltr'>’emploie</span> <span class='ocrx_word' id='word_1_226' title='bbox 1046 2260 1093 2295; x_wconf 87' lang='lat' dir='ltr'>de</span> 
     </span>
    </p>

    <p class='ocr_par' dir='ltr' id='par_1_6' title="bbox 407 2305 1094 2787">
     <span class='ocr_line' id='line_1_40' title="bbox 438 2305 1093 2350; baseline 0.005 -11"><span class='ocrx_word' id='word_1_227' title='bbox 438 2305 638 2340; x_wconf 72' lang='lat' dir='ltr'>reference</span> <span class='ocrx_word' id='word_1_228' title='bbox 678 2316 774 2341; x_wconf 84' lang='lat' dir='ltr'>avec</span> <span class='ocrx_word' id='word_1_229' title='bbox 794 2305 983 2350; x_wconf 79' lang='lat' dir='ltr'>l&#39;ablatif,</span> <span class='ocrx_word' id='word_1_230' title='bbox 1007 2310 1093 2342; x_wconf 82' lang='lat' dir='ltr'>tan-</span> 
     </span>
     <span class='ocr_line' id='line_1_41' title="bbox 408 2316 1093 2397; baseline 0.006 -11"><span class='ocrx_word' id='word_1_231' title='bbox 408 2316 470 2387; x_wconf 69' lang='lat' dir='ltr'>ldis</span> <span class='ocrx_word' id='word_1_232' title='bbox 491 2362 568 2397; x_wconf 84' lang='lat' dir='ltr'>que</span> <span class='ocrx_word' id='word_1_233' title='bbox 590 2352 683 2387; x_wconf 87' lang='lat' dir='ltr'>chez</span> <span class='ocrx_word' id='word_1_234' title='bbox 705 2353 871 2388; x_wconf 76' lang='lat' dir='ltr'>Ciceron</span> <span class='ocrx_word' id='word_1_235' title='bbox 899 2354 927 2388; x_wconf 87' lang='lat' dir='ltr'>il</span> <span class='ocrx_word' id='word_1_236' title='bbox 952 2355 1093 2390; x_wconf 77' lang='lat' dir='ltr'>aniene</span> 
     </span>
     <span class='ocr_line' id='line_1_42' title="bbox 409 2399 1093 2445; baseline 0.006 -12"><span class='ocrx_word' id='word_1_237' title='bbox 409 2399 708 2444; x_wconf 80' lang='lat' dir='ltr'>generalement</span> <span class='ocrx_word' id='word_1_238' title='bbox 740 2400 775 2435; x_wconf 90' lang='lat' dir='ltr'>le</span> <span class='ocrx_word' id='word_1_239' title='bbox 809 2401 965 2445; x_wconf 70' lang='lat' dir='ltr'>genitis.</span> <span class='ocrx_word' id='word_1_240' title='bbox 1003 2402 1093 2437; x_wconf 88' lang='lat' dir='ltr'>Lui-</span> 
     </span>
     <span class='ocr_line' id='line_1_43' title="bbox 407 2447 1094 2493; baseline 0.004 -12"><span class='ocrx_word' id='word_1_241' title='bbox 407 2449 538 2481; x_wconf 84' lang='lat' dir='ltr'>meme</span> <span class='ocrx_word' id='word_1_242' title='bbox 560 2447 731 2493; x_wconf 90' lang='lat' dir='ltr'>emploie</span> <span class='ocrx_word' id='word_1_243' title='bbox 752 2448 1094 2484; x_wconf 77' lang='lat' dir='ltr'>indifferernment</span> 
     </span>
     <span class='ocr_line' id='line_1_44' title="bbox 410 2493 1093 2532; baseline 0.006 -4"><span class='ocrx_word' id='word_1_244' title='bbox 410 2493 494 2528; x_wconf 88' lang='lat' dir='ltr'>l&#39;un</span> <span class='ocrx_word' id='word_1_245' title='bbox 522 2496 560 2529; x_wconf 87' lang='lat' dir='ltr'>et</span> <span class='ocrx_word' id='word_1_246' title='bbox 592 2493 748 2530; x_wconf 82' lang='lat' dir='ltr'>l&#39;autre.</span> <span class='ocrx_word' id='word_1_247' title='bbox 786 2495 827 2531; x_wconf 93' lang='lat' dir='ltr'>V.</span> <span class='ocrx_word' id='word_1_248' title='bbox 866 2495 914 2529; x_wconf 86' lang='lat' dir='ltr'>K.</span> <span class='ocrx_word' id='word_1_249' title='bbox 949 2496 1019 2531; x_wconf 66' lang='lat'>326</span> <span class='ocrx_word' id='word_1_250' title='bbox 1055 2500 1093 2532; x_wconf 89' lang='lat' dir='ltr'>et</span> 
     </span>
     <span class='ocr_line' id='line_1_45' title="bbox 413 2541 1094 2587; baseline 0.004 -11"><span class='ocrx_word' id='word_1_251' title='bbox 413 2541 517 2576; x_wconf 84' lang='lat' dir='ltr'>suiv.</span> <span class='ocrx_word' id='word_1_252' title='bbox 562 2541 616 2576; x_wconf 87' lang='lat' dir='ltr'>Ce</span> <span class='ocrx_word' id='word_1_253' title='bbox 652 2552 772 2587; x_wconf 83' lang='lat' dir='ltr'>genre</span> <span class='ocrx_word' id='word_1_254' title='bbox 802 2542 1016 2578; x_wconf 76' lang='lat' dir='ltr'>vehement</span> <span class='ocrx_word' id='word_1_255' title='bbox 1056 2547 1094 2579; x_wconf 90' lang='lat' dir='ltr'>et</span> 
     </span>
     <span class='ocr_line' id='line_1_46' title="bbox 410 2588 1094 2634; baseline 0.004 -11"><span class='ocrx_word' id='word_1_256' title='bbox 410 2588 518 2623; x_wconf 79' lang='lat' dir='ltr'>eleve</span> <span class='ocrx_word' id='word_1_257' title='bbox 547 2589 668 2623; x_wconf 86' lang='lat' dir='ltr'>defini</span> <span class='ocrx_word' id='word_1_258' title='bbox 694 2589 745 2624; x_wconf 90' lang='lat' dir='ltr'>ici</span> <span class='ocrx_word' id='word_1_259' title='bbox 778 2599 852 2634; x_wconf 79' lang='lat' dir='ltr'>par</span> <span class='ocrx_word' id='word_1_260' title='bbox 878 2590 1012 2632; x_wconf 84' lang='lat' dir='ltr'>Quint.</span> <span class='ocrx_word' id='word_1_261' title='bbox 1033 2594 1094 2626; x_wconf 84' lang='lat' dir='ltr'>est</span> 
     </span>
     <span class='ocr_line' id='line_1_47' title="bbox 411 2636 1093 2683; baseline 0.004 -13"><span class='ocrx_word' id='word_1_262' title='bbox 411 2636 574 2681; x_wconf 78' lang='lat' dir='ltr'>designe</span> <span class='ocrx_word' id='word_1_263' title='bbox 593 2636 686 2671; x_wconf 82' lang='lat' dir='ltr'>chez</span> <span class='ocrx_word' id='word_1_264' title='bbox 706 2636 764 2671; x_wconf 88' lang='lat' dir='ltr'>les</span> <span class='ocrx_word' id='word_1_265' title='bbox 782 2636 962 2672; x_wconf 83' lang='lat' dir='ltr'>rheteurs</span> <span class='ocrx_word' id='word_1_266' title='bbox 983 2648 1093 2683; x_wconf 78' lang='lat' dir='ltr'>grecs</span> 
     </span>
     <span class='ocr_line' id='line_1_48' title="bbox 410 2686 1089 2736; baseline 0.003 -2"><span class='ocrx_word' id='word_1_267' title='bbox 410 2699 505 2734; x_wconf 78' lang='lat' dir='ltr'>par:</span> <span class='ocrx_word' id='word_1_268' title='bbox 547 2691 598 2730; x_wconf 79' lang='grc' dir='ltr'>τῷ</span> <span class='ocrx_word' id='word_1_269' title='bbox 633 2691 773 2733; x_wconf 74' lang='grc' dir='ltr'>γοργῷ,</span> <span class='ocrx_word' id='word_1_270' title='bbox 810 2691 853 2734; x_wconf 71' lang='grc' dir='ltr'>τῇ</span> <span class='ocrx_word' id='word_1_271' title='bbox 876 2686 1089 2736; x_wconf 48' lang='lat' dir='ltr'>werfhem·</span> 
     </span>
     <span class='ocr_line' id='line_1_49' title="bbox 408 2738 1091 2787; baseline -0.003 -11"><span class='ocrx_word' id='word_1_272' title='bbox 408 2742 454 2777; x_wconf 92' lang='lat' dir='ltr'>V.</span> <span class='ocrx_word' id='word_1_273' title='bbox 475 2742 672 2777; x_wconf 83' lang='lat' dir='ltr'><strong>HERMOG.</strong></span> <span class='ocrx_word' id='word_1_274' title='bbox 700 2739 781 2787; x_wconf 85' lang='grc' dir='ltr'>περὶ</span> <span class='ocrx_word' id='word_1_275' title='bbox 800 2744 874 2774; x_wconf 85' lang='grc' dir='ltr'>τῶν</span> <span class='ocrx_word' id='word_1_276' title='bbox 898 2738 1019 2787; x_wconf 77' lang='grc' dir='ltr'>ἰδεῶν,</span> <span class='ocrx_word' id='word_1_277' title='bbox 1055 2744 1091 2787; x_wconf 61' lang='lat'>2,</span> 
     </span>
    </p>

    <p class='ocr_par' dir='ltr' id='par_1_7' title="bbox 407 2836 1092 2934">
     <span class='ocr_line' id='line_1_50' title="bbox 454 2836 1092 2883; baseline 0.005 -13"><span class='ocrx_word' id='word_1_278' title='bbox 454 2837 584 2871; x_wconf 81' lang='lat' dir='ltr'>Lenis</span> <span class='ocrx_word' id='word_1_279' title='bbox 621 2838 698 2872; x_wconf 83' lang='lat' dir='ltr'>etc.</span> <span class='ocrx_word' id='word_1_280' title='bbox 746 2836 852 2872; x_wconf 84' lang='lat' dir='ltr'>C&#39;est</span> <span class='ocrx_word' id='word_1_281' title='bbox 892 2837 929 2873; x_wconf 94' lang='grc'>13</span> <span class='ocrx_word' id='word_1_282' title='bbox 971 2848 1092 2883; x_wconf 80' lang='lat' dir='ltr'>genre</span> 
     </span>
     <span class='ocr_line' id='line_1_51' title="bbox 407 2883 1092 2934; baseline 0.003 -16"><span class='ocrx_word' id='word_1_283' title='bbox 407 2883 534 2919; x_wconf 83' lang='lat' dir='ltr'>sseuri.</span> <span class='ocrx_word' id='word_1_284' title='bbox 566 2883 673 2920; x_wconf 90' lang='lat' dir='ltr'>Pour</span> <span class='ocrx_word' id='word_1_285' title='bbox 703 2885 891 2929; x_wconf 76' lang='lat' dir='ltr'>nitidus,</span> <span class='ocrx_word' id='word_1_286' title='bbox 925 2895 964 2921; x_wconf 81' lang='lat' dir='ltr'>v.</span> <span class='ocrx_word' id='word_1_287' title='bbox 999 2885 1092 2934; x_wconf 88' lang='lat' dir='ltr'>plus</span> 
     </span>
    </p>
   </div>
   <div class='ocr_carea' id='block_1_5' title="bbox 1155 1122 1844 1981">
    <p class='ocr_par' dir='ltr' id='par_1_8' title="bbox 1155 1122 1840 1312">
     <span class='ocr_line' id='line_1_52' title="bbox 1155 1122 1840 1166; baseline 0.001 -9"><span class='ocrx_word' id='word_1_288' title='bbox 1155 1122 1269 1165; x_wconf 80' lang='lat' dir='ltr'>haut,</span> <span class='ocrx_word' id='word_1_289' title='bbox 1292 1122 1327 1157; x_wconf 77' lang='lat'>9.</span> <span class='ocrx_word' id='word_1_290' title='bbox 1348 1122 1614 1166; x_wconf 75' lang='lat' dir='ltr'>Compositus</span> <span class='ocrx_word' id='word_1_291' title='bbox 1644 1132 1738 1158; x_wconf 85' lang='lat' dir='ltr'>sans</span> <span class='ocrx_word' id='word_1_292' title='bbox 1774 1123 1840 1158; x_wconf 89' lang='lat' dir='ltr'>re·—</span> 
     </span>
     <span class='ocr_line' id='line_1_53' title="bbox 1155 1169 1840 1216; baseline 0.001 -12"><span class='ocrx_word' id='word_1_293' title='bbox 1155 1170 1260 1215; x_wconf 80' lang='lat' dir='ltr'>gime</span> <span class='ocrx_word' id='word_1_294' title='bbox 1309 1169 1474 1215; x_wconf 74' lang='lat' dir='ltr'>designe</span> <span class='ocrx_word' id='word_1_295' title='bbox 1522 1169 1840 1216; x_wconf 74' lang='lat' dir='ltr'>I’arrangement</span> 
     </span>
     <span class='ocr_line' id='line_1_54' title="bbox 1156 1216 1839 1264; baseline -0.001 -11"><span class='ocrx_word' id='word_1_296' title='bbox 1156 1216 1328 1263; x_wconf 75' lang='lat' dir='ltr'>regulier</span> <span class='ocrx_word' id='word_1_297' title='bbox 1364 1220 1402 1252; x_wconf 88' lang='lat' dir='ltr'>et</span> <span class='ocrx_word' id='word_1_298' title='bbox 1429 1217 1678 1264; x_wconf 82' lang='lat' dir='ltr'>symetrique</span> <span class='ocrx_word' id='word_1_299' title='bbox 1721 1218 1768 1252; x_wconf 85' lang='lat' dir='ltr'>de</span> <span class='ocrx_word' id='word_1_300' title='bbox 1800 1218 1839 1253; x_wconf 86' lang='lat' dir='ltr'>la</span> 
     </span>
     <span class='ocr_line' id='line_1_55' title="bbox 1155 1265 1320 1312; baseline -0.012 -11"><span class='ocrx_word' id='word_1_301' title='bbox 1155 1265 1320 1312; x_wconf 82' lang='lat' dir='ltr'>phrase.</span> 
     </span>
    </p>

    <p class='ocr_par' dir='ltr' id='par_1_9' title="bbox 1155 1312 1836 1395">
     <span class='ocr_line' id='line_1_56' title="bbox 1203 1312 1836 1356; baseline 0.002 -9"><span class='ocrx_word' id='word_1_302' title='bbox 1203 1313 1495 1356; x_wconf 71' lang='lat' dir='ltr'>Diliyentius:</span> <span class='ocrx_word' id='word_1_303' title='bbox 1520 1323 1572 1347; x_wconf 92' lang='lat' dir='ltr'>au</span> <span class='ocrx_word' id='word_1_304' title='bbox 1610 1312 1712 1348; x_wconf 86' lang='lat' dir='ltr'>livre</span> <span class='ocrx_word' id='word_1_305' title='bbox 1744 1312 1836 1356; x_wconf 87' lang='lat' dir='ltr'>XII,</span> 
     </span>
     <span class='ocr_line' id='line_1_57' title="bbox 1155 1359 1468 1399; baseline -0.003 -4"><span class='ocrx_word' id='word_1_306' title='bbox 1155 1360 1214 1399; x_wconf 85' lang='grc'>10,</span> <span class='ocrx_word' id='word_1_307' title='bbox 1237 1359 1284 1394; x_wconf 88' lang='grc'>63</span> <span class='ocrx_word' id='word_1_308' title='bbox 1304 1362 1341 1394; x_wconf 85' lang='lat' dir='ltr'>et</span> <span class='ocrx_word' id='word_1_309' title='bbox 1363 1359 1468 1395; x_wconf 83' lang='lat' dir='ltr'>suiv.</span> 
     </span>
    </p>

    <p class='ocr_par' dir='ltr' id='par_1_10' title="bbox 1155 1401 1844 1785">
     <span class='ocr_line' id='line_1_58' title="bbox 1204 1401 1844 1455; baseline 0.002 -13"><span class='ocrx_word' id='word_1_310' title='bbox 1204 1401 1492 1442; x_wconf 85' lang='lat' dir='ltr'>Facultatem.</span> <span class='ocrx_word' id='word_1_311' title='bbox 1525 1406 1721 1454; x_wconf 79' lang='lat' dir='ltr'>Spalding</span> <span class='ocrx_word' id='word_1_312' title='bbox 1750 1419 1844 1455; x_wconf 84' lang='lat' dir='ltr'>rap-</span> 
     </span>
     <span class='ocr_line' id='line_1_59' title="bbox 1155 1454 1838 1502; baseline 0.003 -13"><span class='ocrx_word' id='word_1_313' title='bbox 1155 1454 1295 1502; x_wconf 81' lang='lat' dir='ltr'>pelmt</span> <span class='ocrx_word' id='word_1_314' title='bbox 1340 1454 1540 1499; x_wconf 71' lang='lat' dir='ltr'>facilitas</span> <span class='ocrx_word' id='word_1_315' title='bbox 1589 1455 1643 1490; x_wconf 89' lang='lat' dir='ltr'>du</span> <span class='ocrx_word' id='word_1_316' title='bbox 1687 1456 1838 1499; x_wconf 87' lang='lat' dir='ltr'>debut,</span> 
     </span>
     <span class='ocr_line' id='line_1_60' title="bbox 1157 1501 1839 1538; baseline 0.001 -1"><span class='ocrx_word' id='word_1_317' title='bbox 1157 1502 1288 1537; x_wconf 84' lang='lat' dir='ltr'>voudr</span> <span class='ocrx_word' id='word_1_318' title='bbox 1291 1502 1347 1537; x_wconf 66' lang='grc'>111</span> <span class='ocrx_word' id='word_1_319' title='bbox 1367 1501 1403 1537; x_wconf 89' lang='grc'>13</span> <span class='ocrx_word' id='word_1_320' title='bbox 1422 1503 1635 1538; x_wconf 79' lang='lat' dir='ltr'>iemettre</span> <span class='ocrx_word' id='word_1_321' title='bbox 1626 1503 1702 1538; x_wconf 74' lang='lat' dir='ltr'>ici:</span> <span class='ocrx_word' id='word_1_322' title='bbox 1738 1518 1750 1535; x_wconf 71' lang='grc' dir='ltr'>α</span> <span class='ocrx_word' id='word_1_323' title='bbox 1780 1505 1839 1538; x_wconf 88' lang='lat' dir='ltr'>Tu</span> 
     </span>
     <span class='ocr_line' id='line_1_61' title="bbox 1158 1551 1839 1589; baseline 0.001 -5"><span class='ocrx_word' id='word_1_324' title='bbox 1158 1560 1255 1585; x_wconf 79' lang='lat' dir='ltr'>vero</span> <span class='ocrx_word' id='word_1_325' title='bbox 1295 1559 1395 1585; x_wconf 79' lang='lat' dir='ltr'>cave</span> <span class='ocrx_word' id='word_1_326' title='bbox 1434 1551 1712 1586; x_wconf 75' lang='lat' dir='ltr'>assentiaris.</span> <span class='ocrx_word' id='word_1_327' title='bbox 1755 1552 1839 1589; x_wconf 84' lang='lat' dir='ltr'>Qui</span> 
     </span>
     <span class='ocr_line' id='line_1_62' title="bbox 1159 1597 1838 1643; baseline 0.003 -12"><span class='ocrx_word' id='word_1_328' title='bbox 1159 1599 1252 1632; x_wconf 83' lang='lat' dir='ltr'>vult</span> <span class='ocrx_word' id='word_1_329' title='bbox 1279 1598 1540 1643; x_wconf 71' lang='lat' dir='ltr'>confirmare</span> <span class='ocrx_word' id='word_1_330' title='bbox 1574 1597 1838 1642; x_wconf 82' lang='lat' dir='ltr'>facultatem</span> 
     </span>
     <span class='ocr_line' id='line_1_63' title="bbox 1159 1646 1839 1690; baseline 0 -10"><span class='ocrx_word' id='word_1_331' title='bbox 1159 1646 1350 1688; x_wconf 76' lang='lat' dir='ltr'>dicendi,</span> <span class='ocrx_word' id='word_1_332' title='bbox 1390 1646 1503 1679; x_wconf 85' lang='lat' dir='ltr'>idem</span> <span class='ocrx_word' id='word_1_333' title='bbox 1539 1646 1633 1679; x_wconf 84' lang='lat' dir='ltr'>vult</span> <span class='ocrx_word' id='word_1_334' title='bbox 1664 1647 1839 1690; x_wconf 78' lang='lat' dir='ltr'>assequi</span> 
     </span>
     <span class='ocr_line' id='line_1_64' title="bbox 1157 1693 1840 1739; baseline 0.001 -12"><span class='ocrx_word' id='word_1_335' title='bbox 1157 1694 1334 1739; x_wconf 75' lang='lat' dir='ltr'>firmam</span> <span class='ocrx_word' id='word_1_336' title='bbox 1365 1693 1541 1728; x_wconf 77' lang='lat' dir='ltr'>dicendi</span> <span class='ocrx_word' id='word_1_337' title='bbox 1572 1693 1840 1738; x_wconf 67' lang='lat' dir='ltr'>facilitatem</span> 
     </span>
     <span class='ocr_line' id='line_1_65' title="bbox 1161 1740 1341 1785; baseline 0 -10"><span class='ocrx_word' id='word_1_338' title='bbox 1161 1740 1341 1785; x_wconf 74' lang='lat' dir='ltr'>(Frots.).</span> 
     </span>
    </p>

    <p class='ocr_par' dir='ltr' id='par_1_11' title="bbox 1158 1791 1842 1981">
     <span class='ocr_line' id='line_1_66' title="bbox 1205 1791 1841 1834; baseline 0.003 -8"><span class='ocrx_word' id='word_1_339' title='bbox 1205 1793 1264 1828; x_wconf 73' lang='lat'>45.</span> <span class='ocrx_word' id='word_1_340' title='bbox 1283 1791 1497 1828; x_wconf 74' lang='lat' dir='ltr'>Studiosis</span> <span class='ocrx_word' id='word_1_341' title='bbox 1509 1804 1523 1834; x_wconf 89' lang='grc'>,·</span> <span class='ocrx_word' id='word_1_342' title='bbox 1541 1802 1637 1827; x_wconf 87' lang='lat' dir='ltr'>sans</span> <span class='ocrx_word' id='word_1_343' title='bbox 1654 1793 1841 1828; x_wconf 80' lang='lat' dir='ltr'>substan·</span> 
     </span>
     <span class='ocr_line' id='line_1_67' title="bbox 1158 1839 1842 1885; baseline 0.001 -11"><span class='ocrx_word' id='word_1_344' title='bbox 1158 1840 1220 1882; x_wconf 88' lang='lat' dir='ltr'>tif,</span> <span class='ocrx_word' id='word_1_345' title='bbox 1244 1840 1407 1885; x_wconf 79' lang='lat' dir='ltr'>designe</span> <span class='ocrx_word' id='word_1_346' title='bbox 1437 1839 1627 1875; x_wconf 85' lang='lat' dir='ltr'>l&#39;homme</span> <span class='ocrx_word' id='word_1_347' title='bbox 1655 1840 1842 1876; x_wconf 78' lang='lat' dir='ltr'>desireux</span> 
     </span>
     <span class='ocr_line' id='line_1_68' title="bbox 1158 1886 1841 1933; baseline 0.001 -11"><span class='ocrx_word' id='word_1_348' title='bbox 1158 1887 1383 1933; x_wconf 77' lang='lat' dir='ltr'>d’acquerir</span> <span class='ocrx_word' id='word_1_349' title='bbox 1402 1886 1441 1921; x_wconf 82' lang='grc'>13</span> <span class='ocrx_word' id='word_1_350' title='bbox 1457 1886 1580 1922; x_wconf 83' lang='lat' dir='ltr'>haute</span> <span class='ocrx_word' id='word_1_351' title='bbox 1611 1887 1767 1923; x_wconf 86' lang='lat' dir='ltr'>culture</span> <span class='ocrx_word' id='word_1_352' title='bbox 1793 1888 1841 1923; x_wconf 87' lang='lat' dir='ltr'>de</span> 
     </span>
     <span class='ocr_line' id='line_1_69' title="bbox 1158 1934 1839 1981; baseline 0.001 -11"><span class='ocrx_word' id='word_1_353' title='bbox 1158 1934 1455 1980; x_wconf 76' lang='lat' dir='ltr'>l’intelligence.</span> <span class='ocrx_word' id='word_1_354' title='bbox 1479 1934 1595 1969; x_wconf 84' lang='lat' dir='ltr'>Ainsi</span> <span class='ocrx_word' id='word_1_355' title='bbox 1612 1934 1643 1977; x_wconf 92' lang='grc' dir='ltr'>Ι,</span> <span class='ocrx_word' id='word_1_356' title='bbox 1661 1945 1839 1981; x_wconf 83' lang='lat' dir='ltr'>prooem.</span> 
     </span>
    </p>
   </div>
   <div class='ocr_carea' id='block_1_6' title="bbox 1157 1982 1839 2074">
    <p class='ocr_par' dir='ltr' id='par_1_12' title="bbox 1157 1982 1835 2066">
     <span class='ocr_line' id='line_1_70' title="bbox 1157 1982 1835 2028; baseline 0.003 -11"><span class='ocrx_word' id='word_1_357' title='bbox 1157 1982 1238 2017; x_wconf 68' lang='lat'>23:</span> <span class='ocrx_word' id='word_1_358' title='bbox 1280 1983 1466 2017; x_wconf 76' lang='lat' dir='ltr'>Docendi</span> <span class='ocrx_word' id='word_1_359' title='bbox 1503 1983 1618 2017; x_wconf 76' lang='lat' dir='ltr'>ratio</span> <span class='ocrx_word' id='word_1_360' title='bbox 1659 1993 1835 2028; x_wconf 74' lang='lat' dir='ltr'>quae...</span> 
     </span>
     <span class='ocr_line' id='line_1_71' title="bbox 1159 2030 1839 2074; baseline 0.001 -9"><span class='ocrx_word' id='word_1_361' title='bbox 1159 2030 1374 2065; x_wconf 85' lang='lat' dir='ltr'>studiosos</span> <span class='ocrx_word' id='word_1_362' title='bbox 1397 2031 1610 2065; x_wconf 75' lang='lat' dir='ltr'>instruat</span> <span class='ocrx_word' id='word_1_363' title='bbox 1652 2059 1658 2066; x_wconf 89' lang='lat'><strong>.</strong></span> <span class='ocrx_word' id='word_1_364' title='bbox 1699 2030 1751 2074; x_wconf 90' lang='lat' dir='ltr'>II,</span> <span class='ocrx_word' id='word_1_365' title='bbox 1781 2030 1839 2073; x_wconf 87' lang='grc'>10,</span> 
     </span>
    </p>
   </div>
   <div class='ocr_carea' id='block_1_7' title="bbox 1159 2058 1843 2932">
    <p class='ocr_par' dir='ltr' id='par_1_13' title="bbox 1159 2058 1843 2642">
     <span class='ocr_line' id='line_1_72' title="bbox 1159 2058 1842 2123; baseline 0.001 -12.001"><span class='ocrx_word' id='word_1_366' title='bbox 1159 2077 1302 2112; x_wconf 61' lang='grc' dir='ltr'>’15ςηε</span> <span class='ocrx_word' id='word_1_367' title='bbox 1337 2077 1443 2121; x_wconf 81' lang='lat' dir='ltr'>quid</span> <span class='ocrx_word' id='word_1_368' title='bbox 1472 2059 1655 2112; x_wconf 80' lang='lat' dir='ltr'>studiosi</span> <span class='ocrx_word' id='word_1_369' title='bbox 1692 2058 1842 2123; x_wconf 53' lang='grc' dir='ltr'>73111ιὶ-</span> 
     </span>
     <span class='ocr_line' id='line_1_73' title="bbox 1160 2123 1838 2166; baseline 0.002 -7"><span class='ocrx_word' id='word_1_370' title='bbox 1160 2127 1278 2159; x_wconf 63' lang='lat' dir='ltr'>iant.</span> <span class='ocrx_word' id='word_1_371' title='bbox 1304 2124 1393 2164; x_wconf 83' lang='lat' dir='ltr'>XII</span> <span class='ocrx_word' id='word_1_372' title='bbox 1410 2123 1469 2166; x_wconf 87' lang='grc'>10,</span> <span class='ocrx_word' id='word_1_373' title='bbox 1485 2124 1555 2159; x_wconf 74' lang='grc' dir='ltr'>62ῑ</span> <span class='ocrx_word' id='word_1_374' title='bbox 1579 2128 1682 2160; x_wconf 70' lang='lat' dir='ltr'>nota</span> <span class='ocrx_word' id='word_1_375' title='bbox 1704 2129 1838 2161; x_wconf 72' lang='lat' dir='ltr'>suut..</span> 
     </span>
     <span class='ocr_line' id='line_1_74' title="bbox 1159 2172 1842 2208; baseline 0.001 -1"><span class='ocrx_word' id='word_1_376' title='bbox 1159 2173 1370 2207; x_wconf 82' lang='lat' dir='ltr'>studiosis</span> <span class='ocrx_word' id='word_1_377' title='bbox 1392 2172 1495 2207; x_wconf 84' lang='lat' dir='ltr'>haec</span> <span class='ocrx_word' id='word_1_378' title='bbox 1519 2172 1704 2208; x_wconf 73' lang='lat' dir='ltr'>lumina.</span> <span class='ocrx_word' id='word_1_379' title='bbox 1736 2172 1842 2208; x_wconf 84' lang='lat' dir='ltr'>Sou-</span> 
     </span>
     <span class='ocr_line' id='line_1_75' title="bbox 1159 2218 1841 2265; baseline 0.002 -11"><span class='ocrx_word' id='word_1_380' title='bbox 1159 2222 1256 2254; x_wconf 82' lang='lat' dir='ltr'>vent</span> <span class='ocrx_word' id='word_1_381' title='bbox 1277 2219 1305 2254; x_wconf 88' lang='lat' dir='ltr'>il</span> <span class='ocrx_word' id='word_1_382' title='bbox 1327 2221 1386 2254; x_wconf 86' lang='lat' dir='ltr'>est</span> <span class='ocrx_word' id='word_1_383' title='bbox 1408 2218 1592 2265; x_wconf 82' lang='lat' dir='ltr'>employe</span> <span class='ocrx_word' id='word_1_384' title='bbox 1607 2230 1703 2255; x_wconf 79' lang='lat' dir='ltr'>avec</span> <span class='ocrx_word' id='word_1_385' title='bbox 1717 2222 1841 2263; x_wconf 75' lang='lat' dir='ltr'>juve-</span> 
     </span>
     <span class='ocr_line' id='line_1_76' title="bbox 1162 2266 1842 2310; baseline 0.001 -9"><span class='ocrx_word' id='word_1_386' title='bbox 1162 2267 1262 2308; x_wconf 76' lang='lat' dir='ltr'>nis;</span> <span class='ocrx_word' id='word_1_387' title='bbox 1285 2277 1324 2301; x_wconf 86' lang='lat' dir='ltr'>v.</span> <span class='ocrx_word' id='word_1_388' title='bbox 1347 2266 1468 2309; x_wconf 82' lang='lat' dir='ltr'>infra,</span> <span class='ocrx_word' id='word_1_389' title='bbox 1489 2266 1525 2309; x_wconf 85' lang='lat'>3,</span> <span class='ocrx_word' id='word_1_390' title='bbox 1545 2266 1592 2301; x_wconf 73' lang='grc'>32</span> <span class='ocrx_word' id='word_1_391' title='bbox 1608 2277 1616 2302; x_wconf 84' lang='grc'>;</span> <span class='ocrx_word' id='word_1_392' title='bbox 1632 2269 1842 2310; x_wconf 77' lang='lat' dir='ltr'>juvenem</span> 
     </span>
     <span class='ocr_line' id='line_1_77' title="bbox 1160 2315 1840 2359; baseline 0.003 -11"><span class='ocrx_word' id='word_1_393' title='bbox 1160 2315 1425 2349; x_wconf 87' lang='lat' dir='ltr'>studiosum</span> <span class='ocrx_word' id='word_1_394' title='bbox 1442 2315 1732 2359; x_wconf 70' lang='lat' dir='ltr'>praelonyos</span> <span class='ocrx_word' id='word_1_395' title='bbox 1760 2316 1840 2350; x_wconf 84' lang='lat' dir='ltr'>ha-</span> 
     </span>
     <span class='ocr_line' id='line_1_78' title="bbox 1161 2361 1839 2405; baseline 0.003 -10"><span class='ocrx_word' id='word_1_396' title='bbox 1161 2362 1302 2396; x_wconf 81' lang='lat' dir='ltr'>buisse</span> <span class='ocrx_word' id='word_1_397' title='bbox 1321 2371 1390 2396; x_wconf 68' lang='lat' dir='ltr'>seo</span> <span class='ocrx_word' id='word_1_398' title='bbox 1396 2371 1570 2396; x_wconf 71' lang='lat' dir='ltr'>mones·</span> <span class='ocrx_word' id='word_1_399' title='bbox 1557 2388 1566 2403; x_wconf 88' lang='lat'>,</span> <span class='ocrx_word' id='word_1_400' title='bbox 1605 2363 1643 2396; x_wconf 83' lang='lat' dir='ltr'>et</span> <span class='ocrx_word' id='word_1_401' title='bbox 1666 2361 1754 2405; x_wconf 89' lang='lat' dir='ltr'>XII,</span> <span class='ocrx_word' id='word_1_402' title='bbox 1779 2363 1839 2405; x_wconf 91' lang='grc'>11,</span> 
     </span>
     <span class='ocr_line' id='line_1_79' title="bbox 1159 2389 1842 2455; baseline 0.001 -12"><span class='ocrx_word' id='word_1_403' title='bbox 1159 2409 1219 2451; x_wconf 84' lang='grc'>31,</span> <span class='ocrx_word' id='word_1_404' title='bbox 1260 2409 1361 2443; x_wconf 88' lang='lat' dir='ltr'>dans</span> <span class='ocrx_word' id='word_1_405' title='bbox 1401 2408 1440 2443; x_wconf 79' lang='lat' dir='ltr'>la</span> <span class='ocrx_word' id='word_1_406' title='bbox 1479 2408 1657 2444; x_wconf 83' lang='lat' dir='ltr'>dernieie</span> <span class='ocrx_word' id='word_1_407' title='bbox 1696 2389 1842 2455; x_wconf 74' lang='lat' dir='ltr'>phrase</span> 
     </span>
     <span class='ocr_line' id='line_1_80' title="bbox 1162 2455 1841 2501; baseline 0.001 -11"><span class='ocrx_word' id='word_1_408' title='bbox 1162 2456 1208 2490; x_wconf 86' lang='lat' dir='ltr'>de</span> <span class='ocrx_word' id='word_1_409' title='bbox 1230 2455 1434 2501; x_wconf 76' lang='lat' dir='ltr'>l&#39;ouvrage</span> <span class='ocrx_word' id='word_1_410' title='bbox 1456 2455 1504 2490; x_wconf 88' lang='lat' dir='ltr'>de</span> <span class='ocrx_word' id='word_1_411' title='bbox 1533 2456 1698 2497; x_wconf 85' lang='lat' dir='ltr'>Quint.:</span> <span class='ocrx_word' id='word_1_412' title='bbox 1734 2467 1841 2501; x_wconf 75' lang='lat' dir='ltr'>quo-</span> 
     </span>
     <span class='ocr_line' id='line_1_81' title="bbox 1161 2503 1840 2547; baseline 0.003 -10"><span class='ocrx_word' id='word_1_413' title='bbox 1161 2514 1184 2537; x_wconf 71' lang='lat' dir='ltr'><em>o</em></span> <span class='ocrx_word' id='word_1_414' title='bbox 1191 2513 1261 2538; x_wconf 78' lang='lat' dir='ltr'>um</span> <span class='ocrx_word' id='word_1_415' title='bbox 1284 2503 1470 2547; x_wconf 67' lang='lat' dir='ltr'>coffliitio</span> <span class='ocrx_word' id='word_1_416' title='bbox 1491 2504 1702 2539; x_wconf 65' lang='lat' dir='ltr'>studiosas</span> <span class='ocrx_word' id='word_1_417' title='bbox 1715 2514 1840 2547; x_wconf 68' lang='lat' dir='ltr'>¹Juve—</span> 
     </span>
     <span class='ocr_line' id='line_1_82' title="bbox 1162 2551 1843 2594; baseline 0.001 -9"><span class='ocrx_word' id='word_1_418' title='bbox 1162 2551 1289 2586; x_wconf 76' lang='lat' dir='ltr'>nibus</span> <span class='ocrx_word' id='word_1_419' title='bbox 1310 2552 1348 2585; x_wconf 82' lang='lat' dir='ltr'>si</span> <span class='ocrx_word' id='word_1_420' title='bbox 1370 2560 1454 2585; x_wconf 73' lang='lat' dir='ltr'>non</span> <span class='ocrx_word' id='word_1_421' title='bbox 1479 2560 1685 2594; x_wconf 64' lang='lat' dir='ltr'>maflnam</span> <span class='ocrx_word' id='word_1_422' title='bbox 1714 2552 1843 2586; x_wconf 78' lang='lat' dir='ltr'>utill—</span> 
     </span>
     <span class='ocr_line' id='line_1_83' title="bbox 1163 2597 1551 2642; baseline 0.003 -10"><span class='ocrx_word' id='word_1_423' title='bbox 1163 2601 1296 2633; x_wconf 85' lang='lat' dir='ltr'>latem</span> <span class='ocrx_word' id='word_1_424' title='bbox 1316 2597 1551 2642; x_wconf 80' lang='lat' dir='ltr'>adferet...</span> 
     </span>
    </p>

    <p class='ocr_par' dir='ltr' id='par_1_14' title="bbox 1162 2650 1843 2932">
     <span class='ocr_line' id='line_1_84' title="bbox 1208 2650 1833 2696; baseline 0.002 -11"><span class='ocrx_word' id='word_1_425' title='bbox 1208 2651 1476 2685; x_wconf 74' lang='lat' dir='ltr'>Lectionum.</span> <span class='ocrx_word' id='word_1_426' title='bbox 1499 2650 1598 2685; x_wconf 82' lang='lat' dir='ltr'>Sens</span> <span class='ocrx_word' id='word_1_427' title='bbox 1620 2650 1752 2696; x_wconf 78' lang='lat' dir='ltr'>passis</span> <span class='ocrx_word' id='word_1_428' title='bbox 1770 2651 1833 2686; x_wconf 87' lang='lat' dir='ltr'>de-</span> 
     </span>
     <span class='ocr_line' id='line_1_85' title="bbox 1162 2697 1838 2742; baseline 0.003 -11"><span class='ocrx_word' id='word_1_429' title='bbox 1162 2698 1326 2742; x_wconf 76' lang='lat' dir='ltr'>signant</span> <span class='ocrx_word' id='word_1_430' title='bbox 1360 2707 1402 2732; x_wconf 92' lang='lat' dir='ltr'>ce</span> <span class='ocrx_word' id='word_1_431' title='bbox 1439 2697 1509 2742; x_wconf 85' lang='lat' dir='ltr'>qui</span> <span class='ocrx_word' id='word_1_432' title='bbox 1544 2697 1627 2731; x_wconf 77' lang='lat' dir='ltr'>‹loit</span> <span class='ocrx_word' id='word_1_433' title='bbox 1666 2700 1748 2733; x_wconf 83' lang='lat' dir='ltr'>etre</span> <span class='ocrx_word' id='word_1_434' title='bbox 1783 2697 1838 2734; x_wconf 82' lang='lat' dir='ltr'>lu.</span> 
     </span>
     <span class='ocr_line' id='line_1_86' title="bbox 1162 2744 1843 2791; baseline 0.001 -12"><span class='ocrx_word' id='word_1_435' title='bbox 1162 2745 1274 2780; x_wconf 89' lang='lat' dir='ltr'>N&#39;est</span> <span class='ocrx_word' id='word_1_436' title='bbox 1295 2744 1478 2790; x_wconf 82' lang='lat' dir='ltr'>employe</span> <span class='ocrx_word' id='word_1_437' title='bbox 1509 2755 1560 2779; x_wconf 86' lang='grc'>311</span> <span class='ocrx_word' id='word_1_438' title='bbox 1591 2744 1737 2791; x_wconf 88' lang='lat' dir='ltr'>pluriel</span> <span class='ocrx_word' id='word_1_439' title='bbox 1769 2755 1843 2791; x_wconf 87' lang='lat' dir='ltr'>par</span> 
     </span>
     <span class='ocr_line' id='line_1_87' title="bbox 1162 2791 1840 2838; baseline 0.001 -12"><span class='ocrx_word' id='word_1_440' title='bbox 1162 2791 1383 2833; x_wconf 88' lang='lat' dir='ltr'>Quintilien</span> <span class='ocrx_word' id='word_1_441' title='bbox 1424 2791 1516 2837; x_wconf 70' lang='lat' dir='ltr'>qu&#39;a</span> <span class='ocrx_word' id='word_1_442' title='bbox 1554 2794 1655 2826; x_wconf 75' lang='lat' dir='ltr'>cette</span> <span class='ocrx_word' id='word_1_443' title='bbox 1700 2791 1811 2838; x_wconf 81' lang='lat' dir='ltr'>place</span> <span class='ocrx_word' id='word_1_444' title='bbox 1829 2803 1840 2837; x_wconf 75' lang='lat'>3</span> 
     </span>
     <span class='ocr_line' id='line_1_88' title="bbox 1162 2839 1843 2884; baseline 0 -10"><span class='ocrx_word' id='word_1_445' title='bbox 1162 2841 1326 2884; x_wconf 71' lang='lat' dir='ltr'>pai-tout</span> <span class='ocrx_word' id='word_1_446' title='bbox 1345 2839 1509 2874; x_wconf 83' lang='lat' dir='ltr'>ailleurs</span> <span class='ocrx_word' id='word_1_447' title='bbox 1531 2840 1653 2874; x_wconf 85' lang='lat' dir='ltr'>lectio</span> <span class='ocrx_word' id='word_1_448' title='bbox 1675 2850 1726 2874; x_wconf 79' lang='lat' dir='ltr'>au</span> <span class='ocrx_word' id='word_1_449' title='bbox 1755 2839 1843 2874; x_wconf 86' lang='lat' dir='ltr'>sin-</span> 
     </span>
     <span class='ocr_line' id='line_1_89' title="bbox 1162 2886 1728 2932; baseline 0.004 -11"><span class='ocrx_word' id='word_1_450' title='bbox 1162 2886 1289 2932; x_wconf 81' lang='lat' dir='ltr'>gulier</span> <span class='ocrx_word' id='word_1_451' title='bbox 1310 2897 1407 2922; x_wconf 77' lang='lat' dir='ltr'>avec</span> <span class='ocrx_word' id='word_1_452' title='bbox 1429 2896 1521 2923; x_wconf 86' lang='lat' dir='ltr'>sens</span> <span class='ocrx_word' id='word_1_453' title='bbox 1544 2886 1728 2923; x_wconf 77' lang='lat' dir='ltr'>abstrait.</span> 
     </span>
    </p>
   </div>
  </div>
 </body>
</html>
