1997 3231
815 199 864 207 -
895 177 1027 218 99—

167 272 364 312 effecisset
383 285 428 311 eo
447 285 568 323 quem
589 271 830 322 sequebatur
843 272 862 309 ἱ)
883 272 994 310 Nihil
1024 272 1065 309 in
1086 272 1211 323 poetis
1237 283 1359 323 supra
1389 271 1547 310 Livium

167 338 460 388 Andronicum,
482 337 584 376 nihil
604 337 646 375 in
666 336 844 375 historiis
866 349 989 388 supra
1018 338 1255 388 pontificum
1282 337 1446 376 annales
1467 337 1544 376 ha-

167 402 369 449 beremus,
391 403 544 441 ratibus
565 402 697 440 adhuc
719 402 1002 452 navigaremus
1021 414 1028 439 :
1053 415 1133 440 non
1155 406 1258 440 esset
1280 402 1452 453 pictura,
1468 402 1547 440 nisi

168 481 270 520 quae
301 469 427 507 lineas
459 468 575 506 modo
610 471 809 506 extremas
843 467 1027 517 umbrae,
1058 480 1181 518 quam
1211 480 1374 518 corpora
1394 467 1436 505 in
1466 469 1546 506 sole

168 534 372 584 fecissent,
396 533 757 572 circumscriberet.
780 533 838 572 Ac
869 532 902 571 si
929 533 1062 571 omnia
1083 545 1334 584 percenseas,
1358 533 1465 571 nulla
1487 538 1547 572 est

169 612 250 649 ars,
273 599 403 650 qualis
435 599 594 637 inventa
626 601 702 648 est,
737 610 809 636 nec
841 597 945 636 intra
978 597 1140 635 initium
1167 597 1300 635 stetit:
1338 598 1416 635 nisi
1446 599 1545 637 forte

171 669 306 704 nostra
327 664 581 716 potissimum
601 667 780 714 tempora
803 663 1045 701 damnamus
1073 662 1197 713 hujus
1225 662 1484 712 infelicitatis,
1507 668 1552 702 ut
1579 664 1604 702 8

171 744 281 769 nunc
300 730 466 769 demum
499 729 600 767 nihil
633 732 812 767 crescat:
843 728 945 766 nihil
973 732 1109 767 autem
1136 728 1278 767 crescit
1306 728 1387 766 sola
1413 728 1549 767 imita—

172 797 293 834 tione.
314 795 427 842 Quod
449 795 481 833 si
501 794 702 846 prioribus
724 794 881 833 adicere
900 795 960 833 fas
980 807 1060 832 non
1075 798 1150 844 est,
1167 807 1245 845 quo
1259 794 1376 832 modo
1392 807 1551 846 sperare
1580 795 1605 832 9

172 873 387 913 possumus
425 859 541 898 illum
578 863 776 898 oratorem
815 859 1072 911 perfectum?
1095 859 1197 898 Cum
1231 859 1273 898 in
1308 860 1391 911 his,
1426 872 1526 911 quos

173 927 370 966 maximos
398 926 531 965 adhuc
561 926 762 975 novimus,
787 938 906 964 nemo
940 926 991 964 sit
1022 925 1225 976 inventus,
1248 926 1290 964 in
1321 939 1400 977 quo
1425 926 1527 965 nihil

222 1050 275 1085 In
290 1050 475 1094 poetis...
500 1050 548 1085 in
583 1050 790 1086 historiis.
812 1050 858 1085 V.

174 1097 267 1145 plus
291 1097 406 1141 haut,
425 1098 459 1142 1,
482 1097 528 1133 28
550 1100 589 1133 61
608 1097 648 1132 13
678 1100 793 1142 note,
816 1097 862 1133 75

176 1145 270 1181 6113
288 1147 394 1180 3016.

222 1194 375 1228 Livius
396 1193 686 1233 Andronicus,
715 1191 762 1227 de
786 1192 860 1227 Ta-

175 1243 304 1281 rente,
354 1240 491 1275 donna
526 1251 608 1275 aux
645 1240 743 1286 jeux
784 1240 860 1275 Ro-

175 1288 309 1323 mains
341 1287 389 1323 de
425 1287 507 1322 l'an
543 1286 627 1330 240,
671 1287 786 1334 apres
821 1287 862 1322 la

175 1335 371 1382 premiere
393 1345 534 1380 guerre
564 1335 758 1381 punique,
782 1345 861 1369 une

177 1382 352 1418 comedie
368 1385 407 1417 61
419 1392 497 1417 une
513 1382 692 1427 tragedie
703 1382 861 1417 imitees

177 1430 247 1466 des
265 1430 413 1474 Grecs3
436 1429 626 1465 traduisit
655 1429 862 1475 l'Odyssee

177 1488 227 1513 en
250 1487 342 1512 vers
372 1477 615 1520 saturniens,
644 1479 683 1512 et
718 1477 779 1512 1111
813 1487 862 1512 en

179 1523 332 1560 'somme
352 1524 390 1560 16
411 1523 503 1570 plus
524 1525 667 1559 ancien
688 1525 804 1571 poete
816 1524 862 1558 de

178 1572 219 1607 la
256 1571 445 1607 Latinite.
493 1571 553 1607 On
590 1581 639 1606 ne
678 1571 716 1606 le
752 1571 863 1606 lis-ait

179 1619 272 1666 plus
294 1620 413 1665 gnere
441 1618 494 1653 du
528 1622 659 1665 temps
689 1619 736 1653 de
757 1618 864 1653 Cice-

179 1677 275 1702 ron:
295 1668 409 1701 Nam
432 1670 472 1701 et
492 1667 678 1710 Odyssea
698 1667 863 1701 Latina

180 1718 242 1750 est
254 1715 316 1750 sic
330 1717 556 1758 tamquam
567 1723 671 1757 opus
683 1715 863 1758 aliquod

179 1762 364 1797 Daedali
386 1764 426 1796 et
447 1761 660 1796 Livianae
687 1761 863 1805 fabulae

182 1819 268 1845 non
302 1809 411 1844 satis
448 1809 606 1853 ctiynae
643 1818 753 1853 quae
781 1809 866 1843 ite-

182 1867 284 1892 rum
308 1858 511 1901 leyantur
540 1857 683 1896 (Brut.
710 1856 769 1897 18,
787 1856 862 1898 71).

182 1903 419 1950 Cependant
450 1902 628 1939 Orbilius
649 1902 706 1938 les
725 1903 866 1938 dictait

186 1961 328 1987 encore
343 1950 444 1985 dans
457 1960 529 1986 son
543 1950 648 1986 66016
665 1961 716 1985 311
732 1953 864 1996 temps

183 1999 393 2034 d'Horace.
422 1998 468 2033 V.
507 1999 580 2042 Ep.
613 1997 665 2039 II,
696 1998 730 2041 1,
757 1998 802 2033 69
829 2000 867 2032 ct

185 2046 291 2081 suiv.
308 2045 445 2086 Quint.
466 2056 515 2081 ne
534 2045 572 2081 16
592 2055 753 2080 nomme
775 2045 868 2091 qu'a

130 2133 133 2135 ,
187 2095 289 2128 cette
312 2093 440 2139 place.

231 2141 441 2176 Annales.
468 2139 527 2174 La
548 2149 688 2174 source
713 2139 754 2174 13
774 2138 868 2186 plus

186 2188 380 2223 ancienne
393 2187 440 2222 de
452 2185 646 2222 l⁷histoire
657 2186 866 2222 Romaine.

185 2235 353 2281 Cbaque
376 2234 503 2269 33366
527 2233 564 2269 16
593 2233 733 2269 Grand
759 2233 869 2269 Pon—

186 2283 259 2318 tife
299 2282 525 2328 consignait
555 2291 625 2316 sur
656 2291 736 2316 une
762 2280 870 2316 table

186 2329 376 2366 blanchie
398 2328 457 2364 les
476 2339 594 2364 noms
619 2328 687 2364 des
709 2327 870 2364 consuls

189 2379 228 2413 et
247 2377 316 2412 des
343 2378 479 2412 autres
501 2375 752 2422 magistrats,
776 2385 872 2410 avec

188 2424 439 2460 l'indication
458 2423 673 2459 sommaire
686 2423 733 2458 de
749 2433 791 2458 ce
803 2423 872 2468 qui

189 2472 288 2507 61311
306 2481 485 2507 survenu
514 2470 873 2506 d’extraordinaire

191 2530 244 2554 au
279 2518 432 2554 dedans
463 2520 502 2554 et
533 2528 585 2553 311
617 2517 777 2558 dehors,
804 2527 874 2552 sur

191 2569 295 2602 terre
328 2568 368 2601 et
406 2576 476 2601 sur
509 2575 608 2600 mer.
649 2565 725 2600 Ces
756 2565 890 2605 docus

190 2616 325 2649 ments
350 2613 487 2648 reunis
512 2623 562 2648 en
591 2612 638 2648 80
659 2612 780 2647 livres
801 2621 875 2659 par

191 2660 229 2696 16
248 2660 404 2707 pontife
424 2660 467 2695 P.
490 2660 650 2695 Mucius
682 2659 875 2695 Scaevola

193 2707 552 2754 allaientjusqu³en
567 2707 722 2742 l'annee
731 2707 800 2742 130
813 2717 878 2742 av-

193 2755 229 2791 J.
252 2755 321 2800 C.;
342 2755 393 2790 ils
414 2755 751 2799 n⁷avaientguere
769 2754 878 2789 d’au-

195 2803 312 2838 101116
327 2813 405 2848 que
419 2813 522 2849 pour
541 2801 599 2837 les
621 2802 879 2837 ovenements

193 2850 440 2900 posterieurs
479 2850 502 2886 a
527 2849 744 2886 l'invasion
782 2859 878 2896 gau-

922 1049 1037 1093 loise,
1076 1049 1147 1096 qui
1186 1049 1297 1084 avait
1336 1047 1500 1084 3363311
1550 1047 1609 1083 les

924 1097 1056 1133 tables
1085 1097 1144 1132 les
1168 1096 1262 1143 plus
1293 1097 1522 1132 anciennes.
1549 1096 1598 1131 V.

924 1145 1052 1180 SERv.
1077 1146 1157 1179 En.
1175 1144 1399 1186 1,377.C1c.
1423 1145 1474 1179 cte
1489 1146 1602 1179 orat.

924 1192 978 1235 II,
999 1192 1058 1235 12,
1080 1191 1138 1227 52.
1378 1212 1381 1215 -

971 1240 1131 1275 Lineas
1141 1242 1361 1274 extremas
1375 1238 1602 1285 :l'esquisse

925 1287 995 1323 des
1043 1289 1247 1322 contours.
1294 1287 1500 1321 Peut-etre
1546 1296 1602 1320 un

926 1335 1118 1370 souvenir
1161 1333 1209 1369 de
1246 1333 1286 1368 13
1327 1333 1494 1380 legende
1536 1344 1606 1367 sur

925 1382 1108 1427 l’origine
1142 1380 1247 1416 (1613
1278 1381 1479 1428 1161311116,
1513 1380 1608 1415 16116

926 1440 1004 1476 que
1021 1429 1060 1464 13
1098 1432 1261 1464 raconte
1293 1429 1426 1471 Pline‚
1460 1430 1516 1464 N.
1555 1429 1607 1462 H.

925 1478 985 1520 35,
1007 1477 1030 1512 5
1053 1487 1060 1511 2
1085 1477 1239 1512 Graeci
1263 1476 1478 1522 (picturam
1505 1475 1609 1510 affir-

927 1527 1102 1569 mant)...
1143 1527 1408 1567 repertam...
1455 1524 1610 1557 umbra

927 1572 1118 1607 hominis
1142 1572 1271 1606 lineis
1290 1572 1608 1606 circumducta.

973 1619 1009 1654 8.
1029 1619 1331 1663 Infelicitatis.
1349 1618 1407 1653 Cf.
1421 1618 1457 1660 1,
1471 1619 1492 1652 ‘7
1513 1619 1552 1652 et
1572 1617 1611 1651 13

927 1669 1036 1702 note.
1057 1665 1184 1708 Pline‚
1209 1667 1260 1701 N.
1283 1667 1335 1700 H.
1361 1665 1487 1712 praef.
1505 1665 1564 1708 23,
1587 1675 1610 1699 3

929 1715 987 1749 (111
1022 1714 1069 1749 (16
1102 1716 1254 1748 nieme:
1290 1713 1456 1757 Infelix
1488 1714 1611 1757 insse-

932 1763 1059 1797 nium
1103 1770 1206 1807 pour
1249 1761 1414 1795 sterile.
1456 1759 1534 1795 Sur
1570 1759 1610 1793 13

930 1808 1205 1844 construction
1230 1817 1327 1843 avec
1340 1807 1377 1842 16
1399 1807 1521 1853 genit.
1546 1806 1609 1842 Cf.

929 1858 1078 1898 meT.
1101 1855 1154 1896 II,
1177 1855 1213 1898 5,
1235 1855 1305 1890 24:
1328 1865 1511 1900 neque...
1536 1864 1612 1889 nos

933 1904 1162 1939 tarditatis
1213 1906 1380 1937 natura
1431 1903 1613 1937 damna-

930 1952 1038 1986 vit..
1053 1950 1103 1986 K.
1123 1950 1176 1993 ΙΙ,
1191 1949 1274 1994 338,
1296 1951 1332 1985 7.

977 2000 1173 2033 Demum.
1196 1997 1257 2032 Cf.
1280 1997 1377 2041 1‚44
1392 1998 1430 2032 et
1449 1995 1489 2032 13
1502 1998 1610 2032 note.

978 2046 1013 2081 9.
1037 2046 1265 2080 Prioribus
1309 2045 1499 2080 adicere.
1522 2044 1614 2079 Lire

933 2093 1035 2128 dans
1055 2092 1208 2135 Pascal,
1232 2102 1304 2139 op:
1321 2094 1377 2127 De
1396 2091 1614 2127 Z'autorite'

933 2151 986 2176 en
1007 2141 1189 2175 matiere
1212 2140 1554 2183 dephilosophie,
1577 2137 1618 2172 la

933 2190 1064 2223 meme
1085 2187 1231 2233 pensee
1260 2186 1502 2233 developpee
1521 2196 1617 2221 avec

933 2245 1014 2270 une
1029 2233 1259 2280 originalite
1279 2234 1488 2280 profonde.

983 2283 1206 2317 Oratorem
1249 2281 1507 2326 perfectum.
1553 2281 1616 2316 Cf.

935 2328 1029 2376 plus
1056 2329 1144 2372 bas,
1179 2328 1227 2364 28
1247 2331 1286 2364 61
1322 2328 1364 2364 13
1391 2328 1550 2375 pret-ace
1571 2328 1619 2363 de

936 2376 1075 2418 Quint.
1113 2376 1136 2411 9
1159 2386 1166 2411 :
1203 2379 1420 2411 oratorem
1469 2379 1618 2411 autem

937 2424 1219 2459 instituimus
1268 2424 1398 2458 illum
1454 2422 1619 2467 perfec-

941 2475 1048 2506 tum.
1076 2470 1168 2506 Idee
1195 2470 1433 2518 empruntee
1458 2471 1480 2505 a
1503 2470 1620 2505 Cice-

939 2529 1025 2561 ron,
1047 2519 1162 2554 Orat.
1184 2518 1220 2562 2,
1242 2520 1277 2559 7,
1301 2521 1338 2553 61
1353 2518 1458 2553 suiv.

985 2568 1120 2601 Nemo
1141 2567 1200 2601 sit
1226 2564 1520 2601 ἐπι-69113311).
1546 2574 1552 2599 ;
1575 2564 1624 2598 il-

944 2615 1019 2648 Zucl
1067 2623 1148 2658 quo
1191 2614 1307 2648 nihil
1348 2613 1486 2656 possit
1536 2620 1624 2646 esse

941 2662 1259 2705 praestantius,
1275 2662 1386 2705 quod
1410 2661 1455 2694 in
1474 2668 1625 2702 perpo-

945 2709 1103 2743 tuitate
1123 2709 1298 2743 dicendi
1316 2717 1400 2742 non
1423 2715 1546 2750 saepe
1563 2708 1625 2740 at-

943 2766 1023 2802 que
1046 2756 1165 2790 haud
1186 2756 1272 2790 scio
1300 2765 1358 2789 an
1382 2762 1627 2797 nunquam.

944 2804 993 2838 in
1020 2804 1173 2848 aliqua
1205 2805 1354 2837 autem
1377 2804 1508 2845 parte
1541 2801 1627 2835 elu-

946 2854 1036 2887 ceat
1070 2850 1312 2894 aliquando
1353 2847 1467 2883 idem
1509 2848 1630 2892 apud
