1997 3231
785 94 1027 136 —121—

192 190 355 241 pererit,
395 191 503 229 haud
543 191 683 230 deerit.
726 191 867 230 Obstat
906 192 1012 229 enim
1063 192 1292 243 diligentiae
1337 192 1537 232 scribendi

192 255 311 293 etiam
333 256 508 306 fatigatio
538 260 576 295 et
603 256 779 305 abunde,
813 257 845 294 si
874 260 998 305 vacet,
1024 257 1124 295 lucis
1157 258 1283 309 spatia
1304 259 1536 308 sufficiunt3
1567 258 1618 297 27

190 325 400 371 occupatos
422 322 462 359 in
491 325 647 360 noctem
671 322 887 360 necessitas
916 322 1016 369 agit.
1052 323 1122 360 Est
1144 327 1276 362 tamen
1298 324 1535 374 lucubratio,

189 386 373 436 quotiens
406 387 454 425 ad
491 400 579 426 eam
610 387 754 437 integri
788 399 833 426 ac
863 386 999 425 refecti
1031 389 1231 437 venimus,
1261 389 1458 440 optimum
1479 402 1540 428 se-

190 451 287 489 creti
307 463 448 500 genus.

244 516 321 554 Sed
357 517 561 555 silentium
593 521 632 556 et
663 529 845 556 secessus
878 521 917 555 et
948 518 1127 569 undique
1160 517 1261 556 liber
1280 518 1460 568 animus,
1494 522 1539 556 ut

189 586 284 620 sunt
306 583 479 622 maxime
510 583 698 634 optanda,
729 583 781 621 ita
809 595 889 621 non
911 596 1070 635 semper
1090 587 1257 635 possunt
1288 585 1534 633 contingere,

188 652 355 703 ideoque
401 666 480 691 non
513 653 662 703 statim,
707 653 739 691 si
773 653 869 704 quid
903 653 1119 704 obstrepet,
1150 653 1348 692 abiciendi
1381 654 1536 692 codices
1564 652 1616 691 ‘28

187 722 306 756 erunt
338 722 377 756 et
402 718 670 770 deplorandus
697 719 797 768 dies,
839 731 978 757 verum
1012 719 1276 757 incommodis
1310 731 1537 770 repugnan-

187 782 284 820 dum
305 787 343 821 et
363 783 427 822 hic
448 783 655 821 faciendus
681 795 795 833 usus,
818 787 864 821 ut
890 784 1023 822 omnia
1044 796 1147 834 quae
1166 783 1384 835 impedient
1405 784 1536 822 vincat

187 847 353 886 intentio
372 860 380 886 :
404 861 526 899 quam
550 848 583 886 si
603 851 683 886 tota
705 852 839 886 mente
860 848 901 886 in
922 861 1022 899 opus
1043 848 1178 899 ipsum
1201 849 1418 897 dcrexeris,
1435 849 1536 887 nihil

185 925 340 962 eorum,
363 926 465 964 quae
486 913 612 952 oculis
639 913 699 952 vel
720 913 887 952 auribus
908 914 1132 964 incursant,
1164 914 1213 952 ad
1235 914 1418 952 animum
1438 927 1533 966 per-

184 978 330 1017 veniet.
353 979 417 1017 An
437 991 529 1017 vero
543 980 775 1029 frequenter
794 979 913 1017 etiam
930 979 1091 1017 fortuita
1108 979 1182 1017 hoc
1203 979 1386 1029 cogitatio
1402 992 1536 1031 praes·
1563 979 1616 1018 29

185 1048 255 1094 tat,
279 1048 323 1082 ut
343 1044 476 1082 obvios
497 1057 577 1083 non
596 1044 803 1082 videamus
826 1048 865 1082 et
885 1044 1026 1082 itinere
1048 1044 1284 1082 deerremus
1306 1057 1314 1082 :
1340 1057 1419 1083 non
1443 1057 1536 1083 con-

185 1122 403 1161 sequemur
434 1110 556 1160 idem,
587 1110 620 1148 si
649 1114 688 1148 et
717 1109 995 1148 voluerimus?
1036 1122 1115 1148 non
1148 1114 1209 1148 est
1240 1110 1534 1159 indulgendum

183 1176 314 1214 causis
347 1176 537 1214 desidiae.
572 1176 676 1214 Nam
709 1175 740 1213 si
789 1175 949 1213 nonnisi
986 1175 1138 1226 refecti,
1174 1175 1334 1214 nonnisi
1368 1176 1532 1227 hilares,

182 1241 341 1279 nonnisi
362 1240 550 1279 omnibus
570 1241 658 1279 aliis
679 1240 787 1278 curis
812 1244 998 1279 vacantes
1020 1241 1266 1279 studendum
1295 1242 1535 1280 existimari-

180 1318 287 1355 mus,
309 1318 468 1357 semper
487 1306 563 1344 erit
582 1310 744 1357 propter
770 1306 875 1356 qnod
896 1306 1010 1344 nobis
1040 1307 1312 1354 ignoscamus.
1337 1307 1469 1353 Quare
1491 1308 1531 1346 in
1561 1308 1613 1346 30

180 1371 314 1418 turba,
349 1372 505 1422 itinere,
535 1371 724 1410 conviviis
756 1372 877 1410 etiam
897 1372 1016 1410 faciat
1036 1372 1111 1410 sibi
1141 1372 1324 1422 cogitatio
1355 1373 1440 1424 ipsa
1472 1386 1533 1412 se-

182 1441 352 1474 cretum.
373 1436 477 1483 Quid
499 1436 646 1487 alioqui
677 1436 759 1484 fiet,
791 1448 884 1474 cum
918 1436 958 1473 in
980 1436 1110 1474 medio
1142 1437 1239 1485 foro,
1272 1439 1326 1474 tot
1359 1437 1532 1476 circum-

181 1552 299 1587 haud
322 1553 457 1587 deerit
477 1562 638 1595 somno,
655 1554 729 1587 sed
744 1562 863 1596 supe—

177 1601 297 1634 rerit.

223 1657 282 1693 27.
324 1658 369 1692 Si
396 1661 564 1694 vacet...
603 1661 857 1702 occupatos:

176 1704 319 1747 Quand
341 1716 392 1740 on
411 1716 434 1740 a
455 1705 508 1740 du
526 1705 652 1747 loisis,
676 1705 860 1751 lesjours

176 1755 269 1787 sont
290 1763 400 1787 assez
422 1752 552 1798 longs.
569 1752 737 1788 Ceux—la
751 1753 858 1789 seuls

176 1799 340 1835 doivent
375 1800 544 1846 prendre
577 1811 646 1835 sur
678 1800 717 1835 la
753 1801 856 1840 nuit.

175 1847 246 1893 qui
282 1857 331 1882 ne
369 1849 547 1894 peuvent
584 1848 682 1882 faire
719 1851 858 1883 autre-

174 1896 309 1930 ment:
330 1898 556 1938 occupatos
575 1905 671 1930 avec
691 1894 858 1931 l'accent

173 1941 359 1982 oratoire,
394 1942 546 1977 faisant
578 1943 778 1978 antithese
807 1945 853 1979 a:

171 1990 210 2024 si
232 1993 365 2024 vacet.

217 2048 276 2083 28.
332 2049 500 2084 Codices
515 2059 528 2082 .·
580 2059 644 2084 ces
683 2049 851 2091 cahiers‚

171 2105 326 2130 comme
348 2095 439 2141 plus
457 2095 543 2137 bas,
559 2095 630 2131 33:
671 2098 853 2133 mutatis

170 2143 395 2178 codicibus.
430 2163 476 2168 -—
508 2142 709 2178 Ailleurs:
742 2146 853 2179 codi-

170 2190 277 2232 cille,
295 2191 569 2234 puyillares‚·
588 2201 742 2226 comme
758 2192 851 2227 cbez

169 2236 297 2280 Pline,
320 2239 396 2281 Ep.
421 2237 492 2279 IX,
514 2236 574 2279 36,
594 2240 628 2273 ὅ.
651 2258 695 2262 -
710 2240 852 2284 Deplo-

169 2286 339 2319 randus
354 2296 366 2319 :
385 2285 483 2320 faire
505 2294 577 2318 son
599 2284 707 2320 deuil
732 2286 844 2323 de...

216 2332 461 2367 Faciendus
510 2342 615 2367 usus
635 2359 644 2373 ‚
696 2343 849 2369 comme

167 2377 260 2424 plus
280 2379 394 2420 haut,
409 2379 456 2415 3:
480 2381 592 2415 vires
610 2381 846 2425 faciamus,

167 2428 205 2460 et
224 2428 259 2469 ti,
281 2426 325 2462 3:
356 2427 565 2471 facienda
591 2429 727 2464 multo
747 2430 848 2464 stilo

164 2472 310 2517 forma
329 2477 404 2509 est.

213 2521 453 2556 Incursant
476 2533 489 2563 ‚·
540 2522 807 2569 frequentatis
834 2534 845 2568 3

164 2566 256 2612 plus
289 2567 403 2606 haut.
434 2569 504 2604 16:
543 2570 770 2605 incurrere
798 2571 845 2606 in

164 2615 319 2650 oculos.
361 2615 416 2650 Ici
434 2615 470 2651 le
492 2616 596 2651 datis
611 2619 670 2652 est
692 2628 747 2652 un
768 2628 846 2653 em-

163 2665 287 2705 prunt
307 2663 331 2697 a
350 2661 390 2698 la
410 2662 557 2709 langue
577 2664 777 2711 poetique.

209 2724 268 2760 29.
311 2728 376 2761 Αη
408 2737 550 2764 vero...
581 2738 667 2763 non
699 2738 845 2765 conse-

163 2782 402 2816 quemur:
422 2776 578 2811 Etsi...
596 2779 730 2811 est-ce
745 2776 844 2821 qu'c'z

920 1553 1023 1595 plus
1035 1551 1146 1596 forte
1160 1553 1310 1588 raison

1335 1580 1361 1589 ..
1389 1553 1610 1590 Raisonne-

926 1601 1038 1634 ment
1063 1609 1090 1634 a
1115 1600 1305 1643 fortiori,
1334 1600 1433 1636 dont
1453 1601 1489 1637 le
1521 1613 1608 1648 pre-

926 1645 1027 1681 mier
1071 1647 1249 1682 membre
1285 1648 1460 1684 consiste
1503 1649 1605 1685 dans

925 1704 1003 1728 une
1022 1694 1311 1740 interrogation
1328 1705 1423 1731 avec
1439 1697 1607 1742 reponse

924 1742 1074 1787 prevue
1095 1742 1351 1781 affirmative.
1383 1742 1419 1778 le
1461 1745 1609 1780 second

923 1788 1024 1823 dans
1047 1800 1124 1823 une
1152 1790 1425 1825 coustatation
1454 1791 1501 1826 de
1519 1802 1608 1827 cer-

924 1836 1052 1870 titude
1100 1836 1281 1872 absolue.
1318 1837 1381 1873 Cf.
1404 1838 1488 1874 C1c.
1524 1850 1606 1883 pro

921 1884 1022 1919 Rab.
1042 1883 1088 1918 5:
1123 1885 1188 1918 An
1223 1894 1320 1919 vero
1341 1895 1484 1921 servos
1505 1897 1607 1922 nos-

923 1933 1055 1966 tros...
1085 1932 1363 1967 dominorum
1403 1934 1606 1978 beniyni—

922 1981 1034 2013 tas...
1071 1979 1283 2022 liberabit,
1307 1990 1382 2015 nos
1412 1991 1438 2015 a
1460 1982 1605 2017 verbe-

920 2025 1085 2060 ribus...
1115 2028 1255 2061 nostri
1284 2027 1464 2063 honor-es
1490 2030 1602 2072 (non)

920 2073 1221 2108 vindicabunt.
1239 2074 1298 2108 On
1321 2077 1418 2120 peut
1438 2078 1604 2112 tourner

918 2129 1015 2165 par:
1065 2121 1244 2156 N’est-t'l
1272 2131 1355 2165 pas
1388 2124 1486 2158 vrai
1522 2134 1603 2168 que

917 2170 1142 2203 εοιιυεηί...
1172 2170 1224 2202 Ec
1248 2179 1356 2204 nous
1386 2172 1604 2206 n’arrive-

920 2215 1090 2249 verions
1117 2225 1199 2258 pas
1234 2214 1262 2250 ἰι
1305 2227 1365 2251 un
1413 2218 1603 2253 resultat

915 2261 1142 2297 semblable
1167 2264 1241 2297 etc.
1270 2262 1329 2298 Cf.
1353 2263 1402 2298 K.
1435 2264 1542 2305 1020,
1564 2266 1599 2300 4.

914 2328 961 2332 ——
981 2309 1101 2344 Idem
1119 2309 1203 2344 doit,
1222 2310 1447 2347 s'entendre
1469 2312 1601 2347 moins

915 2355 985 2390 des
1007 2366 1073 2391 cas
1101 2357 1199 2392 cites
1218 2368 1295 2403 que
1321 2358 1390 2393 des
1417 2359 1529 2394 effets
1552 2359 1599 2394 de

913 2401 1139 2439 l’attention
1153 2415 1199 2439 en
1214 2405 1387 2449 general.
1397 2427 1444 2431 —
1456 2407 1597 2442 Nisi...

915 2460 1030 2493 non„
1052 2462 1090 2485 v.
1111 2452 1147 2493 ’1,
1168 2452 1215 2488 20
1236 2462 1331 2487 avec
1346 2452 1385 2487 la
1400 2454 1506 2488 note.

958 2496 1018 2532 30.
1050 2499 1190 2536 Quare
1224 2499 1271 2534 in
1304 2501 1444 2534 turba.
1480 2499 1596 2535 Ainsi

912 2543 1026 2579 Pline
1056 2547 1145 2589 (Ep.
1179 2545 1252 2586 ΙΙΙ,
1285 2546 1322 2586 5)
1355 2550 1520 2582 raconte
1548 2547 1596 2582 de

912 2601 984 2626 son
998 2591 1110 2627 oncle
1126 2592 1221 2638 qu’il
1238 2593 1405 2628 ecrivait
1420 2604 1470 2628 ou
1484 2593 1596 2629 lisait

911 2648 961 2673 au
974 2638 1086 2681 bain,
1103 2640 1124 2674 a
1141 2639 1262 2681 table,
1279 2640 1381 2675 dans
1394 2650 1438 2674 sa
1449 2639 1592 2683 Iniere,

909 2685 1039 2721 Caton
1058 2686 1248 2732 d'Utique
1272 2686 1374 2721 dans
1394 2686 1434 2721 la
1454 2687 1590 2731 Curie,

909 2732 1045 2768 tandis
1066 2744 1142 2779 que
1165 2733 1222 2768 les
1253 2734 1462 2768 senateurs
1485 2735 1592 2769 arri-

906 2780 1058 2815 vaient.
1081 2780 1168 2816 C1c.
1199 2781 1296 2816 Fin.
1317 2780 1389 2821 ΙΙΙ,
1411 2780 1446 2816 2.
