1997 3231
978 168 1027 173 —
1056 144 1134 186 138

451 262 538 288 cam
574 249 904 288 transferrentur.
939 249 998 288 Ita
1034 249 1089 287 illi
1122 249 1277 288 caelum
1300 261 1447 287 novum
1488 249 1578 299 fuit,
1609 252 1652 288 ut
1672 247 1802 287 omnis

371 314 423 353 19
451 315 538 365 ejus
550 314 776 365 eloquentia
793 315 987 353 contineri
1014 318 1116 353 tecto
1136 327 1181 353 ac
1198 314 1417 365 parietibus
1436 314 1652 353 videretur.
1671 314 1804 361 Quare

447 379 625 430 juvenis,
650 379 718 429 qui
746 380 942 418 rationem
965 380 1194 419 inveniendi
1224 379 1516 430 eloquendique
1536 393 1557 418 a
1578 383 1805 431 praecepto-

452 444 565 482 ribus
598 444 811 494 diligenter
842 445 1038 496 acceperit
1076 444 1198 498 (quod
1227 457 1307 482 non
1335 447 1395 482 est
1423 444 1570 482 infiniti
1603 444 1749 496 operis,
1773 443 1805 482 si

452 510 593 548 docere
625 510 754 549 sciant
798 514 836 548 et
869 510 1024 560 velint),
1061 510 1386 548 exercitationem
1418 522 1576 560 quoque
1609 509 1806 547 modicam

454 575 576 613 fuerit
595 580 849 625 consecutus,
879 579 1076 613 oratorem
1104 575 1179 613 sibi
1206 575 1395 625 aliquem,
1425 575 1529 625 quod
1556 574 1660 625 apud
1684 574 1807 625 majo-

454 653 518 678 res
540 640 625 677 fieri
660 640 824 690 solebat,
863 641 1023 690 deligat,
1056 653 1177 690 quem
1212 644 1418 690 sequatur,
1455 652 1576 690 quem
1598 640 1803 678 imitetur:

449 706 613 757 judiciis
636 706 792 743 intersit
812 718 932 756 quam
966 705 1150 757 plurimis
1176 709 1214 743 et
1235 705 1285 742 sit
1318 705 1563 753 certaminis,
1596 705 1660 743 cui
1682 704 1801 743 desti-

375 772 426 810 ‘20
454 776 588 821 natur,
624 773 814 822 frequens
850 775 1060 822 spectator.
1095 772 1197 809 Tum
1233 784 1375 809 causas
1406 772 1466 809 vel
1499 771 1673 821 easdem,
1706 782 1805 821 quas

455 836 517 885 agi
538 835 725 885 audierit,
761 836 850 873 stilo
872 839 910 873 et
942 836 1027 886 ipse
1059 839 1286 886 componat,
1319 836 1379 873 vel
1401 836 1520 873 etiam
1548 835 1659 885 alias,
1693 847 1806 873 veras

456 901 588 952 modo,
625 905 663 939 et
700 901 905 952 utrimque
939 904 1081 939 tractet
1112 904 1165 952 et,
1200 901 1304 952 quod
1337 901 1378 939 in
1408 899 1694 951 gladiatoribus
1720 899 1806 938 fieri

377 1027 552 1062 certains
592 1027 758 1062 curieux
809 1026 1054 1073 privilegies.

376 1074 438 1109 Cf.
461 1075 545 1110 Cic.
569 1077 692 1109 Brut.
711 1075 770 1118 84,
793 1074 887 1109 289:
925 1075 1060 1109 Locus

377 1123 425 1157 in
447 1123 662 1157 subselliis
684 1125 928 1165 occupetur.

424 1177 680 1218 Basilicam,
703 1175 968 1211 hellenisme:
995 1167 1062 1218 βα-

380 1224 493 1275 σιλική
520 1225 627 1273 στοά,
642 1229 863 1264 colonnade
876 1229 1062 1264 converte

379 1277 448 1323 qui
470 1277 674 1312 entourait
694 1276 731 1312 le
752 1277 899 1318 forum,
939 1278 977 1310 et
1010 1276 1062 1309 01'1

379 1324 612 1360 s’installait
633 1324 785 1370 parfois
810 1324 845 1359 le
867 1321 1060 1358 tribunal.

378 1371 589 1407 L’orateur
622 1371 847 1407 Trachalus
878 1370 1063 1417 plaidant

379 1419 528 1455 devant
583 1419 620 1455 le
666 1419 838 1466 premier
883 1416 1063 1453 tribunal

379 1467 481 1502 dans
521 1467 562 1502 la
599 1467 801 1513 basihque
840 1465 1028 1501 Julienne
1053 1491 1062 1506 ,

380 1525 421 1550 se
461 1514 598 1549 fais-ait
632 1514 823 1550 entendre
860 1514 928 1548 des
967 1512 1064 1547 trois

380 1564 529 1604 autres,
550 1562 735 1597 installes
757 1561 858 1596 dans
877 1561 913 1595 le
936 1562 1065 1594 meme

378 1609 483 1645 local
505 1609 668 1654 (chx'r.
694 1609 786 1651 XII,
805 1609 840 1649 Γ),
863 1609 910 1650 6).
939 1608 1002 1643 Cf.
1025 1606 1065 1641 la

379 1661 473 1692 note
494 1659 529 1699 1,
552 1658 634 1692 119.

437 1705 820 1749 Transferrentur.
835 1703 1018 1748 Sencque
1030 1701 1066 1736 le

381 1752 482 1787 rhet.
515 1754 706 1787 Controc.
735 1752 803 1794 IV,
839 1751 966 1797 praef.
997 1760 1066 1784 ra—

381 1802 497 1835 conte
517 1799 554 1835 le
575 1803 704 1835 meme
717 1799 813 1834 fait:
838 1799 1067 1833 Declama-

384 1848 520 1882 toriac
590 1848 770 1881 virtutis
831 1847 1066 1880 Latronem

381 1896 583 1929 Porcium
603 1895 782 1929 unicum
802 1893 1064 1935 exemplum,

382 1952 481 1976 cum
517 1952 597 1985 pro
636 1952 706 1976 reo
750 1943 797 1975 in
847 1939 1068 1983 Hispania,

382 1990 556 2024 Rustico
573 1990 718 2024 Porcio
733 1988 978 2032 propinquo
991 1995 1067 2020 suo

383 2037 563 2074 (liceret,
586 2046 719 2080 usque
742 2046 786 2070 eo
810 2045 896 2070 esse
920 2034 1066 2077 confu-

381 2094 494 2127 sum,
522 2087 566 2118 ut
585 2093 611 2118 a
633 2084 879 2118 soloecismo
905 2083 1069 2124 incipe-

382 2134 461 2174 ret,
489 2141 563 2166 nec
584 2134 687 2165 ante
707 2131 898 2174 poluisse
919 2130 1068 2174 confir-

385 2179 514 2219 mari,
534 2181 693 2213 tectum
715 2188 765 2213 ac
783 2177 971 2223 parieles
1003 2177 1069 2210 cle-

382 2227 668 2268 siderantem,
693 2235 825 2270 quain
859 2226 1068 2266 impetra-

385 2274 446 2307 vit
484 2276 531 2307 ut
557 2274 783 2316 Judicium
817 2282 871 2307 esc
906 2272 998 2316 foro
1024 2271 1068 2305 in

384 2321 609 2355 basilicam
636 2320 969 2363 transferretzw.
1004 2319 1069 2352 Us-

384 2378 464 2412 que
478 2377 523 2402 eo
552 2368 730 2410 inqenia
763 2367 811 2401 in
840 2365 1070 2401 scholasti-

386 2416 447 2450 cis
470 2415 854 2450 escere-ilationibus
884 2414 1068 2448 delicate

385 2463 658 2497 nutriuntur
678 2465 725 2496 ut
742 2463 991 2502 clamorem,
1015 2461 1069 2494 si-

388 2511 588 2552 lentium,
622 2511 778 2546 risum,
807 2510 978 2543 caelum
999 2508 1069 2541 de—

388 2558 520 2601 nique
537 2558 635 2601 pati
658 2556 872 2592 nesciant.

433 2605 490 2639 19.
547 2606 671 2648 Apud
726 2605 926 2645 majores.
982 2601 1067 2636 Ciu.

385 2653 509 2686 Brut.
531 2652 577 2687 81]
604 2653 768 2686 raconte
789 2659 866 2696 que
897 2649 999 2683 dans
1026 2659 1070 2682 sa

383 2699 569 2744 jeunesse
590 2699 619 2733 il
640 2699 805 2744 frequen
815 2697 887 2731 tait
917 2695 1070 2730 assidu—

387 2749 498 2781 ment
518 2745 554 2781 le
569 2746 716 2782 forum,
734 2748 773 2780 et
787 2754 837 2779 ne
858 2742 1071 2788 manquait

387 2803 544 2828 aucune
601 2793 785 2828 occasion
839 2790 1070 2825 d'entendre

388 2840 445 2876 les
486 2842 666 2876 orateurs
697 2839 873 2875 celebres
911 2838 957 2873 de
999 2848 1070 2872 son

1127 1028 1269 1073 temps.
1292 1026 1352 1061 Cf.
1380 1026 1526 1068 QU1NT.
1556 1025 1649 1068 XII,
1682 1024 1804 1067 11‚5:

1125 1074 1470 1118 frequentabunt
1512 1075 1605 1115 ejus
1649 1076 1807 1116 (senes-

1127 1121 1255 1157 centis
1267 1121 1451 1163 oratoris)
1464 1122 1640 1155 domurn
1653 1120 1807 1163 optimi

1117 1171 1304 1212 juvenes
1321 1178 1436 1204 more
1454 1171 1642 1202 ceterum
1658 1170 1697 1202 et
1714 1177 1809 1202 vere

1128 1216 1299 1251 dicendi
1310 1217 1427 1251 iiam
1442 1217 1552 1250 velut
1567 1225 1620 1250 ex
1634 1215 1809 1250 oraculo

1123 1267 1285 1308 petent.
1317 1263 1416 1298 TAC.
1442 1264 1554 1298 Dial.
1577 1263 1649 1297 2:34:
1684 1263 1808 1305 Apud

1129 1314 1315 1354 majores
1337 1314 1502 1346 nostros
1518 1310 1699 1354 Juvenis
1719 1310 1807 1351 ille,

1128 1359 1204 1403 qui
1222 1360 1312 1403 foro
1329 1362 1368 1393 et
1391 1359 1662 1402 eloquentiae
1679 1366 1809 1401 para-

1128 1408 1215 1441 batz
1237 1417 1272 1448 r,
1308 1407 1499 1440 imbutus
1522 1407 1621 1449 jam
1650 1406 1810 1439 domes-

1131 1455 1217 1489 tica
1246 1454 1497 1497 disciplina.
1526 1452 1714 1497 refertus
1744 1452 1810 1486 ho-

1130 1503 1262 1536 nestis
1281 1501 1457 1542 studiis,
1473 1500 1766 1535 deducebatur
1783 1509 1810 1533 a

1125 1552 1251 1593 patre
1279 1550 1344 1583 vel
1378 1558 1404 1583 α
1442 1547 1704 1592 propinquis
1753 1547 1810 1581 ad

1129 1606 1227 1631 eum
1259 1599 1490 1637 oratorem,
1534 1595 1610 1639 qui
1646 1595 1811 1637 princi-

1123 1654 1224 1688 pem
1256 1645 1300 1678 in
1335 1644 1511 1678 civitate
1541 1644 1679 1677 locum
1712 1642 1812 1676 obti-

1130 1692 1270 1726 nebat.
1304 1692 1432 1725 Hunc
1478 1691 1653 1731 sectari,
1697 1689 1811 1724 hunc

1122 1739 1345 1783 prosequi,
1368 1739 1499 1781 liiljus
1513 1737 1711 1772 omnibus
1727 1737 1812 1771 dic-

1132 1787 1553 1825 tionibusinteresse,
1576 1785 1664 1819 sice
1687 1784 1813 1827 inJ‘u-

1130 1834 1274 1876 dicits,
1290 1834 1440 1868 sivein
1463 1833 1735 1867 contionibus
1748 1841 1813 1865 as-

1130 1882 1363 1923 suescebat,
1397 1881 1461 1914 ita
1490 1883 1537 1914 ut
1559 1879 1813 1914 altercatio-

1132 1939 1206 1963 nes
1239 1937 1404 1972 quoque
1427 1927 1638 1970 ea‘ciperet
1660 1927 1811 1968 etjur—

1129 1977 1214 2020 qiis
1230 1977 1456 2010 interesset
1472 1977 1602 2019 atque
1618 1974 1679 2008 sic
1695 1974 1813 2008 dime-

1131 2025 1217 2057 rim
1234 2032 1436 2067 puqnare
1459 2023 1506 2056 in
1530 2021 1701 2065 praelio
1721 2021 1814 2055 dis-

1132 2075 1255 2106 cerei.

1178 2126 1237 2161 QO.
1270 2127 1382 2164 Quas
1433 2125 1505 2169 aqi
1542 2122 1736 2158 audierit
1772 2137 1814 2154 =

1131 2174 1286 2218 quibus
1329 2172 1509 2217 [tgycndis
1542 2170 1811 2215 interfuerit.

1131 2242 1175 2246 —
1192 2223 1245 2255 Et
1269 2221 1354 2264 ipse
1375 2237 1416 2250 Ξ
1443 2229 1545 2265 pour
1566 2229 1639 2253 son
1670 2228 1814 2264 propre

1132 2270 1302 2314 compte.
1325 2267 1386 2301 Cf.
1407 2267 1441 2307 7,
1460 2267 1507 2302 26
1530 2276 1537 2300 :
1557 2269 1714 2301 motum
1729 2275 1814 2300 cor-

1124 2317 1261 2360 poris,
1301 2315 1377 2359 qui
1410 2317 1450 2349 et
1484 2315 1618 2358 ipse..
1651 2313 1814 2348 excitat

1131 2373 1206 2398 ora
1214 2366 1364 2397 torem.

1188 2411 1426 2453 Utrimque.
1454 2408 1511 2443 Cf.
1544 2407 1636 2454 plus
1658 2407 1758 2441 haul:
1778 2407 1814 2448 1,

1131 2458 1197 2492 131
1219 2457 1257 2491 la
1288 2460 1380 2491 note
1406 2457 1428 2490 a
1461 2458 1708 2499 utcumque.
1739 2453 1813 2488 Ici:

1132 2506 1180 2540 in
1204 2508 1437 2547 ‘utramque
1460 2505 1651 2546 partem,
1676 2501 1816 2536 l’accu-

1133 2552 1265 2587 sation
1288 2554 1325 2586 et
1344 2550 1383 2585 la
1405 2550 1581 2585 defense.
1614 2549 1673 2583 De
1690 2551 1817 2583 meme

1131 2601 1167 2641 1,
1207 2599 1274 2634 23:
1331 2599 1551 2642 utrimque
1601 2597 1816 2632 habitas...

1132 2647 1340 2682 actiones.

1180 2692 1635 2738 Ingyladiatoribus.ln
1660 2706 1674 2720 τ
1698 2691 1816 2733 apud

1134 2751 1228 2775 avec
1249 2750 1327 2775 une
1343 2738 1655 2774 determination
1670 2737 1717 2771 de
1733 2747 1817 2783 per-

1135 2798 1282 2822 sonnes
1322 2797 1371 2821 au
1405 2785 1564 2832 pluriel.
1596 2785 1657 2819 Cf.
1689 2784 1758 2825 XI,
1779 2785 1814 2825 3,

1132 2837 1199 2870 tjtj:
1226 2837 1360 2871 nutus
1385 2835 1429 2873 in
1463 2834 1597 2867 mutis
1616 2842 1695 2877 pro
1725 2841 1817 2871 ser-
