1997 3231
796 189 845 196 —
875 166 954 209 157
983 190 1034 197 -

161 268 448 307 exercitati0ne
482 268 654 309 dicendi.
692 269 751 307 Ne
784 269 822 306 id
856 269 1021 320 quidem
1057 270 1271 309 tacendum
1302 275 1376 322 est,
1412 273 1517 322 quod

163 334 294 373 eidem
332 334 513 373 Ciceroni
554 335 695 386 placet,
747 334 907 372 nullum
950 340 1140 374 nostrum
1177 349 1350 387 usquam
1387 338 1519 387 negle-

163 404 324 449 gentem
359 412 445 438 esse
478 412 733 438 sermonem:
769 399 965 450 quidquid
998 400 1211 451 loquemur
1252 402 1514 453 ubicumque,

164 465 216 503 sit
245 478 315 516 pro
345 478 418 503 sua
449 465 599 503 scilicet
631 465 809 516 portione
830 466 1066 515 perfectum.
1112 466 1380 505 scribendum
1402 472 1509 506 certe

163 542 387 580 numquam
408 534 465 568 est
489 529 630 579 magis,
656 542 778 580 quam
794 542 887 567 cuin
909 530 1036 568 multa
1051 530 1232 569 dicemus
1256 544 1302 570 ex
1320 536 1514 583 tempore.

163 595 221 633 Ita
241 596 350 633 enim
370 594 594 633 servabitur
614 594 770 645 pondus
789 598 827 632 et
847 595 1038 633 innatans
1061 596 1127 634 illa
1150 596 1366 635 verborum
1394 598 1518 637 facili-

164 664 224 698 tas
249 660 291 698 in
318 660 445 698 altum
466 659 697 708 reducetur,
730 660 833 698 sicut
855 660 995 698 rustici
1020 662 1225 711 proximas
1246 663 1338 700 vitis
1363 664 1517 702 radices

163 728 387 775 amputant,
422 736 524 774 quae
557 724 667 762 illam
700 724 741 762 in
772 736 980 762 summum
1006 725 1135 763 solum
1156 726 1325 775 ducunt,
1350 731 1395 765 ut
1416 727 1515 766 infe-

161 791 285 828 riores
314 789 473 841 penitus
494 788 770 827 descendendo
793 790 1019 828 firmentur.
1058 791 1117 828 Ac
1138 791 1272 829 nescio
1293 805 1343 830 an
1359 797 1516 831 utrum-

163 867 256 905 que,
290 868 383 894 cum
414 866 509 892 cura
530 857 567 891 et
590 854 720 892 studio
743 854 973 903 fecerimus,
998 855 1169 893 invicem
1188 857 1326 906 prosit,
1351 861 1396 896 ut
1416 859 1515 896 scri-

163 918 292 958 bendo
328 919 510 957 dicamus
548 918 796 967 diligentius,
835 919 1004 957 dicendo
1057 920 1284 959 scribamus
1339 922 1510 960 facilius.

165 985 432 1025 Scribendum
451 998 555 1035 ergo,
581 985 766 1036 quotiens
786 984 946 1033 licebit;
984 985 1017 1023 si
1050 985 1089 1023 id
1110 997 1190 1023 non
1212 985 1386 1036 dabitur,
1410 987 1515 1037 cogi-

164 1050 358 1088 tandum:
393 1049 443 1088 ab
474 1053 645 1100 utroque
679 1048 830 1087 exclusi
863 1049 1010 1087 debent
1041 1053 1178 1088 tamen
1213 1050 1253 1087 id
1274 1051 1447 1101 efficere,
1470 1055 1513 1090 ut

164 1127 294 1166 neque
324 1115 546 1166 deprensus
578 1117 709 1152 orator
741 1126 872 1164 neque
906 1114 1085 1164 litigator
1105 1114 1322 1154 destitutus
1343 1128 1430 1154 esse
1450 1116 1512 1154 vi-

164 1181 320 1219 deatur.

217 1246 464 1295 Plerumque
495 1247 632 1283 autem
663 1243 790 1282 multa
813 1245 1030 1294 agentibus
1063 1246 1226 1296 accidit,
1261 1250 1306 1284 ut
1338 1232 1514 1286 maxime

162 1311 387 1351 necessaria
407 1314 446 1349 et
464 1311 603 1361 utique
623 1309 737 1348 initia
757 1310 950 1362 scribant,
979 1316 1110 1351 cetera
1138 1325 1241 1362 quae
1265 1312 1381 1351 domo
1402 1313 1515 1351 adfe-

1546 273 1598 311 ‘28

1543 1248 1594 1286 30

162 1409 348 1458 l'appelle
387 1418 598 1445 canorum
631 1411 848 1444 oratorem

164 1464 203 1496 et
225 1460 453 1496 volubilem
478 1459 518 1491 et
538 1457 648 1491 satis
669 1465 814 1490 acrem
837 1466 848 1500 3

163 1508 455 1543 vehementem
478 1507 514 1539 et
533 1504 655 1538 valde
679 1504 848 1538 dulcem

163 1559 205 1591 et
227 1554 544 1600 perfacetum...
573 1551 849 1585 industrium

163 1603 298 1639 etiam
338 1605 378 1638 et
420 1599 675 1643 diligentem
722 1601 761 1632 et
801 1599 849 1632 in

163 1647 550 1686 exercitationibus
592 1649 851 1680 commenta-

165 1698 437 1742 tionibusque
480 1693 669 1728 multum
696 1702 849 1736 operae

163 1746 342 1781 solitum
384 1751 558 1787 ponere.
591 1740 744 1774 Accuse
779 1750 851 1786 par

161 1792 198 1828 le
229 1792 350 1838 J'eune
379 1791 551 1826 Crassus
584 1797 633 1822 en
661 1786 720 1828 59,
752 1786 780 1821 il
809 1798 849 1822 se

163 1840 299 1875 donna
319 1838 359 1873 la
376 1838 493 1873 mort.
528 1834 588 1869 Cf.
611 1835 661 1869 de
689 1837 799 1869 orat.
817 1834 848 1875 I,

160 1887 221 1930 34,
243 1887 337 1922 154:
365 1887 409 1920 in
434 1883 715 1920 cotidianis...
744 1891 850 1917 com-

163 1928 850 1974 mentationibusequidem(Cras-

163 1985 247 2026 sus)
317 1981 425 2016 mihi
489 1977 848 2013 adulescentulus

156 2038 392 2074 proponere
461 2025 663 2077 solebam.
720 2025 848 2059 illam

163 2076 518 2112 exercitationem
543 2081 747 2113 maxime,
761 2081 848 2115 qua

163 2126 203 2160 G.
225 2124 472 2164 Carbonem,
496 2122 691 2154 nostrum
719 2119 847 2153 illum

163 2171 406 2212 inimicum,
440 2168 619 2203 solitum
658 2175 746 2200 esse
780 2166 848 2199 uti

105 2232 111 2238 ·
162 2218 392 2254 sciebam...
414 2215 549 2258 Quant
569 2223 621 2247 au
641 2211 764 2246 detail
781 2213 847 2247 :in

165 2265 459 2304 tabernaculo,
481 2261 510 2296 il
534 2260 624 2295 n'en
654 2262 713 2294 est
733 2270 848 2306 ques-

163 2313 248 2349 tion
269 2312 379 2348 nulle
399 2312 490 2358 part
515 2307 692 2342 ailleurs.

209 2372 267 2408 28.
289 2372 441 2406 Eidem
462 2366 668 2403 Ciceroni.
691 2364 725 2400 11
747 2365 848 2411 n'ya

162 2419 254 2466 plus
275 2419 323 2454 de
359 2419 466 2454 texte
496 2414 544 2449 de
579 2413 745 2448 Ciceron
779 2413 849 2458 qui

162 2467 363 2502 renferme
413 2465 514 2500 cette
550 2460 849 2496 recommanda-

162 2515 261 2549 tion.

209 2559 398 2601 Pondus,
432 2565 586 2592 comme
609 2553 702 2601 plus
732 2552 848 2596 haut,

162 2610 198 2652 1,
238 2608 338 2644 130:
376 2614 527 2640 rerum
562 2603 770 2646 pondera,
808 2600 849 2636 la

162 2657 348 2701 v1gueur,
358 2651 397 2687 la
410 2651 569 2687 solidite
582 2649 628 2684 de
638 2648 678 2683 la
688 2648 847 2694 pensee.

211 2704 459 2742 Innatans;
507 2697 578 2743 qui
612 2696 724 2731 flotte
752 2696 773 2730 a
809 2695 849 2730 la

165 2749 336 2786 surface.
367 2746 428 2781 Cf.
464 2745 552 2787 VII,
574 2745 608 2784 1,
643 2743 712 2777 44:
746 2743 849 2778 haec

165 2799 283 2833 velut
303 2793 557 2830 innatantia
579 2791 798 2825 videbunt.
814 2789 849 2824 Il

165 2845 233 2890 n'y
272 2854 296 2879 a
326 2852 401 2890 pas
440 2839 617 2875 d’autres
646 2836 849 2883 exemples

165 2892 213 2928 de
224 2893 286 2926 cet
299 2887 447 2936 emploi
467 2883 787 2932 metaphorique.

961 1412 1014 1445 In
1042 1413 1186 1446 altum
1222 1413 1484 1447 reducetur:
1517 1423 1604 1447 sera

913 1459 1100 1494 ramenee
1123 1459 1224 1494 dans
1238 1458 1298 1494 les
1319 1460 1601 1504 profondeurs.

962 1505 1079 1541 Sicut
1167 1507 1338 1542 rustici.
1408 1507 1604 1543 Nouvelle

914 1551 1047 1598 image
1064 1564 1077 1588 c
1092 1553 1134 1588 ui
1154 1564 1202 1588 ne
1224 1554 1409 1589 s'associe
1428 1565 1500 1601 pas
1523 1556 1602 1590 tres

913 1599 1007 1635 bien
1028 1601 1051 1635 a
1089 1611 1111 1634 a
1125 1601 1376 1646 precedente.
1407 1601 1469 1637 Cf.
1501 1612 1604 1648 pour

914 1647 982 1682 des
1009 1648 1292 1684 incoherences
1325 1648 1546 1695 analogues
1563 1650 1601 1691 3,

914 1694 936 1729 6
957 1698 996 1730 et
1023 1694 1200 1730 ailleurs.

961 1743 1196 1778 Proximas
1215 1754 1227 1776 :
1257 1743 1432 1779 voisines
1454 1743 1508 1778 du
1527 1743 1600 1779 sol.

914 1810 958 1813 —
979 1790 1031 1824 In
1052 1800 1273 1825 summum
1296 1792 1447 1826 sotum.
1480 1791 1541 1826 Cf.
1563 1791 1601 1834 3,

913 1837 936 1872 2
954 1847 961 1871 :
978 1837 1245 1882 profectus..
1278 1847 1304 1872 a
1338 1849 1507 1874 summo
1522 1849 1602 1883 pe—

917 1885 1044 1920 titus:
1067 1886 1089 1919 a
1109 1884 1148 1919 la
1170 1885 1340 1920 surface.

960 1931 1019 1967 29.
1053 1932 1202 1967 Nescio
1231 1942 1304 1975 an,
1328 1942 1481 1968 comme
1510 1933 1602 1981 plus

914 1978 1014 2014 haut
1034 1979 1070 2022 6,
1090 1981 1109 2014 1
1132 1979 1326 2026 equivaut
1345 1980 1604 2027 simplement

915 2027 937 2061 a
957 2026 1156 2071 fortasse.
1172 2027 1220 2062 K.
1233 2030 1304 2062 Gr.
1320 2029 1364 2062 L.
1380 2028 1432 2072 ΙΙ,
1445 2028 1552 2071 1021,
1565 2030 1600 2064 6.

969 2075 1204 2119 Utrumque
1223 2086 1238 2117 ,·
1258 2075 1413 2111 c.-a.-d.
1433 2085 1441 2111 1
1459 2077 1602 2111 dicere

913 2130 964 2156 ac
1008 2122 1206 2157 scribere.
1241 2121 1318 2157 Les
1352 2123 1459 2158 deux
1503 2123 1602 2158 s'en-

913 2168 1079 2203 tendent
1099 2169 1168 2204 des
1197 2170 1394 2205 exercices
1417 2170 1602 2216 prepara-

913 2216 1048 2256 ton-es,
1082 2220 1121 2251 et
1140 2227 1221 2252 non
1243 2217 1296 2251 du
1327 2217 1507 2253 discours
1529 2218 1602 2253 de—

911 2262 1056 2299 vanile
1069 2263 1178 2310 juge.
1193 2264 1252 2299 De
1269 2263 1309 2298 la
1327 2275 1335 2300 ;
1352 2266 1403 2300 ab
1417 2268 1600 2310 utroque

913 2312 1091 2345 exclusi.
1131 2312 1240 2346 C.-a.
1260 2311 1298 2346 d.
1327 2322 1334 2347 :
1376 2313 1416 2348 Si
1442 2323 1599 2348 aucune

912 2357 960 2392 de
982 2368 1044 2393 ces
1064 2357 1170 2393 deux
1190 2359 1471 2405 preparations
1498 2360 1600 2395 n’est.

911 2405 1089 2451 possible
1104 2416 1114 2449 3
1134 2416 1185 2441 ou
1207 2416 1360 2442 comme
1381 2408 1517 2449 Quint.
1541 2407 1600 2442 dit

912 2452 1005 2498 plus
1025 2452 1139 2497 haut,
1160 2454 1180 2497 S
1199 2453 1222 2488 2
1239 2464 1246 2489 :
1279 2455 1318 2489 si
1348 2456 1522 2499 quidem
1536 2455 1600 2488 in-

914 2501 1209 2535 numerabiles
1252 2503 1460 2537 accidunt
1489 2501 1600 2536 subi-

914 2550 981 2582 tae
1001 2549 1290 2583 necessitates.

958 2601 1228 2644 Deprensus:
1262 2600 1346 2647 pris
1373 2600 1397 2634 a
1428 2599 1601 2647 l'impro-

911 2647 1028 2690 viste,
1051 2657 1155 2683 sans
1188 2649 1304 2682 verd.
1339 2646 1404 2682 Cf.
1429 2647 1463 2690 1,
1484 2647 1529 2682 41
1562 2650 1601 2683 et.

912 2693 951 2728 la
973 2697 1065 2730 note
1088 2695 1110 2729 a
1129 2705 1171 2730 ce
1192 2697 1288 2730 mot.
1323 2694 1383 2728 Cf.
1408 2693 1503 2729 SEX.
1523 2696 1597 2739 Ep.

911 2742 970 2781 11,
995 2743 1014 2776 1
1034 2752 1041 2777 1
1070 2753 1154 2777 non
1178 2752 1232 2777 ea:
1247 2744 1515 2786 praeparato
1539 2743 1602 2776 lo—

911 2792 1040 2824 cutus
1065 2793 1142 2832 est,
1168 2791 1241 2824 sed
1262 2790 1399 2824 subito
1427 2790 1600 2833 depren-

913 2846 1003 2871 sus.

955 2882 1015 2918 30.
1065 2883 1213 2928 Utique
1244 2896 1285 2910 =
1307 2883 1598 2927 praesertim,-
