1997 3231
962 98 1199 141 —152—

426 217 505 256 que
540 216 680 242 omnes
713 202 885 242 arbitros
917 202 1165 254 reformidet,
1203 201 1485 254 extemporalis
1506 202 1607 240 actio
1629 201 1783 240 andito-

431 293 524 318 rum
564 280 802 330 frequentia,
845 281 888 316 ut
922 278 1038 316 miles
1076 281 1266 328 congestu
1307 277 1529 327 signorum,
1569 276 1778 314 excitatur.

349 356 401 396 ’17
429 356 615 406 Namque
645 358 684 393 et
717 354 984 393 difficiliorem
1021 354 1300 404 cogitationem
1332 352 1520 404 exprimit
1551 355 1588 390 et
1622 351 1782 402 expellit

424 432 583 471 dicendi
615 431 847 479 necessitas,
881 434 920 469 et
948 431 1144 469 secundos
1166 431 1342 481 impetus
1367 433 1486 479 auget
1510 429 1693 480 placendi
1713 441 1782 467 cu-

431 504 538 556 pido.
580 503 690 542 Adeo
724 503 950 554 praemium
984 502 1118 540 omnia
1147 505 1343 553 spectant,
1377 504 1420 539 ut
1441 500 1665 551 eloquentia
1686 513 1782 551 quo-

429 588 522 627 que,
553 587 799 626 quamquam
820 574 1042 625 plurimum
1063 572 1206 611 habeat
1228 573 1269 611 in
1290 585 1332 611 se
1351 572 1579 623 voluptatis,
1608 572 1782 610 maxime

355 646 407 687 18
436 651 573 686 tamen
594 645 796 697 praesenti
826 645 960 683 fructu
992 644 1123 682 laudis
1154 643 1432 695 opinionisque
1463 643 1647 681 ducatur.
1701 643 1783 681 Nec

431 718 647 769 quisquam
669 719 829 754 tantum
851 715 947 753 fidat
968 715 1145 764 ingenio,
1167 718 1213 752 ut
1232 714 1308 752 sibi
1330 717 1461 765 speret
1482 713 1688 764 incipienti
1709 717 1784 753 sta-

429 789 504 827 tim
526 800 642 839 posse
663 786 909 836 contingere,
933 785 1019 832 sed,
1043 786 1144 824 sicut
1166 786 1207 824 in
1228 785 1467 835 cogitatione
1487 785 1781 836 praecepimus,

433 860 488 898 ita
509 859 742 897 facilitatem
766 870 925 908 quoque
955 857 1266 909 extemporalem
1287 870 1307 895 a
1342 858 1474 908 parvis
1495 857 1619 895 initiis
1641 857 1782 908 paula—

431 931 506 969 tim
542 922 818 981 perducemus
851 929 901 966 ad
940 941 1158 980 summam,
1196 940 1298 978 quae
1332 941 1463 979 neque
1495 929 1632 979 perfici
1654 941 1785 979 neque

353 1001 405 1041 19
434 1001 631 1040 contineri
665 1001 742 1039 nisi
776 1013 854 1039 usu
890 1004 1033 1052 potest.
1076 1000 1265 1039 Ceterum
1297 1000 1504 1051 pervenire
1524 1012 1568 1037 eo
1588 999 1720 1050 debet,
1741 1004 1786 1039 ut

432 1072 617 1122 cogitatio
643 1085 724 1110 non
745 1072 885 1122 utique
906 1072 1049 1110 melior
1069 1071 1120 1109 sit
1140 1084 1200 1121 ea,
1230 1071 1299 1109 sed
1321 1071 1456 1119 tutior,
1490 1083 1584 1109 cum
1604 1071 1710 1109 hanc
1729 1072 1786 1110 sa—

430 1144 623 1183 cilitatem
644 1156 724 1181 non
745 1143 787 1181 in
809 1156 926 1195 prosa
946 1142 1064 1181 modo
1087 1142 1206 1182 multi
1228 1142 1310 1180 sint
1330 1143 1552 1192 consecuti,
1574 1142 1643 1181 sed
1664 1143 1784 1181 etiam

395 1288 660 1322 Auditorum
681 1286 948 1331 frequentia.
971 1285 1031 1321 Cf.

349 1334 493 1370 TAorr.
538 1335 652 1369 Dial.
693 1334 739 1369 39
763 1344 770 1369 :
822 1335 1033 1373 Quomodo

348 1382 508 1418 nobiles
544 1391 671 1426 equos
695 1391 847 1417 cursus
870 1384 910 1416 et
939 1390 1033 1425 spa-

351 1431 414 1464 tia
434 1430 634 1474 probant,
675 1430 737 1464 sic
771 1432 834 1464 est
867 1429 1033 1473 aliquis

348 1480 574 1512 oratorum
596 1486 790 1520 campus,
805 1486 885 1520 per
906 1486 1032 1521 quem

350 1525 439 1559 nisi
462 1525 585 1559 liberi
606 1527 646 1559 et
661 1525 795 1559 soluti
807 1524 1031 1568 ferantur,

350 1572 611 1607 debilitatur
641 1574 681 1606 et
698 1571 932 1616 frangitur
954 1572 1033 1606 elo-

348 1620 541 1664 quentia.
592 1620 739 1662 Ipsam
786 1619 895 1663 quin
945 1619 1032 1653 ‘imo

348 1676 504 1702 curam
527 1669 567 1702 et
589 1667 818 1710 diliyeutis
839 1666 935 1701 stili
957 1675 1033 1700 an-

346 1715 560 1749 oeietatem
597 1715 874 1749 contrariam
912 1723 1033 1758 expe-

347 1762 496 1796 rimur
518 1764 592 1797 etc.

396 1821 604 1864 Conyestu
643 1820 870 1864 siglnorum
917 1831 954 1845 =
996 1818 1033 1853 le

349 1867 478 1913 grand
496 1867 665 1902 nombre
696 1866 766 1901 des
801 1866 1030 1901 etendards.

346 1914 515 1961 Chaque
566 1913 775 1960 manipule
823 1916 949 1959 ayant
996 1912 1033 1948 le

350 1962 452 2003 sien,
472 1961 608 2003 Quint.
633 1971 757 2006 songe
778 1971 829 1995 au
852 1963 1034 1995 moment

349 2010 400 2044 ou
441 2009 480 2043 la
519 2008 653 2054 legion
694 2018 734 2042 se
770 2010 945 2042 mettant
983 2017 1033 2042 en

347 2056 526 2098 marche,
574 2058 665 2090 tous
710 2065 774 2090 ces
816 2055 1033 2090 etendards

350 2103 540 2139 s'elevent
571 2103 594 2137 a
621 2102 660 2137 la
688 2102 947 2148 sois(tollere
971 2103 1034 2137 st-

350 2161 453 2196 gma,
469 2151 706 2187 convellere
723 2150 865 2194 siqua)
880 2152 918 2185 et
934 2160 1033 2184 sem-

348 2197 463 2280 plant
474 2201 679 2233 entrainer
693 2196 750 2232 les
769 2197 923 2233 soldats
932 2197 1033 2232 dans

367 2255 389 2280 a
412 2245 551 2281 melee.

396 2317 454 2352 17.
502 2316 777 2359 Eosprt'mit...
830 2316 1027 2359 expellit.

347 2363 596 2407 Gradation3
633 2362 668 2397 le
701 2363 874 2408 premier
914 2363 1034 2398 verbe

346 2411 514 2457 indique
551 2420 606 2445 un
646 2409 817 2444 resultat
849 2410 958 2454 aise;
998 2409 1035 2445 le

348 2458 496 2494 second
517 2468 573 2492 un
595 2457 688 2492 effet
707 2457 874 2493 violent.
910 2457 973 2493 Cf.
996 2457 1032 2498 3,

346 2506 394 2542 6:
419 2506 647 2550 empulsuri
677 2505 776 2539 tela.

397 2565 863 2607 Secundusimpetusz
878 2562 953 2598 Les
964 2564 1035 2598 im-

348 2612 534 2659 pulsions
556 2610 801 2646 favorables.
833 2611 940 2648 Pour
970 2611 1037 2645 l'i-

348 2660 419 2694 dee
464 2660 515 2694 ici
554 2658 796 2705 developpee
836 2657 886 2693 cf.
931 2658 1031 2693 TAC.

349 2707 462 2743 Dial.
484 2706 531 2742 36
548 2717 554 2742 :
570 2708 628 2742 ad
646 2715 820 2742 summa
842 2706 1036 2750 eloquen-

1100 1286 1187 1320 tiae
1203 1285 1425 1328 praemia,
1458 1294 1618 1329 magna
1650 1285 1784 1320 etiam

1102 1333 1337 1367 necessitas
1359 1333 1584 1367 accedebat
1606 1334 1679 1367 etc.

1146 1382 1464 1424 Quamquam...
1503 1380 1669 1415 habeat.
1710 1379 1786 1415 Sur

1097 1437 1365 1472 quamquam
1398 1437 1495 1462 avec
1524 1426 1560 1462 le
1595 1427 1699 1473 subj.
1733 1427 1783 1463 cf.

1095 1475 1132 1517 2,
1152 1474 1195 1509 21
1217 1478 1256 1509 et
1288 1474 1328 1509 la
1357 1477 1465 1509 note.
1495 1473 1732 1510 L'indicatif
1761 1475 1784 1510 a

1096 1523 1131 1565 1,
1153 1522 1223 1558 96:
1257 1531 1570 1567 quamquam...
1593 1522 1786 1558 interve—

1097 1570 1179 1604 nit.

1143 1617 1383 1660 Opinionis.
1419 1616 1481 1652 Cf.
1507 1617 1610 1652 TAC.
1639 1616 1693 1651 ih.
1714 1617 1782 1652 10:

1097 1665 1289 1708 opinio...
1313 1667 1353 1699 et
1370 1664 1495 1709 fama
1508 1665 1579 1699 cui
1601 1665 1682 1699 soli
1701 1675 1784 1700 ser-

1098 1712 1286 1757 2·2'unt...,
1316 1713 1355 1746 et
1374 1711 1466 1758 plus
1484 1711 1559 1746 bas
1581 1711 1669 1756 §th

1139 1760 1196 1794 18.
1221 1760 1270 1793 Id
1288 1777 1329 1790 Ξ
1354 1760 1689 1802 extemporalem
1721 1757 1786 1802 fa-

1097 1807 1359 1841 cilitatem...
1382 1807 1592 1841 statim:-
1624 1806 1677 1841 du
1700 1815 1785 1851 pre-

1096 1854 1197 1888 mier
1242 1863 1358 1899 coup,
1416 1863 1569 1888 comme
1621 1852 1786 1888 ailleurs

1091 1901 1312 1945 protinus.
1336 1900 1398 1934 Cf.
1415 1901 1449 1941 1,
1481 1900 1504 1936 2
1519 1911 1614 1936 avec
1634 1900 1674 1936 la
1692 1902 1786 1936 note

1097 1948 1120 1983 a
1141 1958 1182 1983 ce
1201 1950 1297 1982 mot.

1144 1996 1463 2039 Praecepimus.
1501 1994 1558 2030 Cf.
1596 1994 1631 2035 6,
1665 1994 1700 2029 3.
1740 2015 1784 2019 —

1098 2044 1349 2084 Concessnerz';
1388 2043 1453 2078 ib:
1496 2044 1700 2087 auyenda
1724 2042 1785 2078 vis

1098 2094 1135 2125 et
1154 2091 1468 2126 eaeo-citatione
1506 2091 1649 2125 multa
1684 2100 1786 2125 con—

1100 2139 1283 2172 tc‘rzenda
1306 2141 1380 2172 est.

1145 2186 1204 2220 12».
1226 2186 1479 2220 Perveuire.
1501 2185 1560 2220 Cf.
1580 2184 1616 2227 6,
1637 2185 1660 2219 4
1692 2186 1730 2219 et
1745 2187 1786 2219 la

1098 2235 1214 2268 note:
1250 2234 1352 2268 Eo...
1388 2233 1592 2276 pervenit
1618 2252 1662 2257 —-
1705 2232 1785 2266 Uti-

1099 2290 1193 2324 que.
1218 2280 1288 2314 Cf.
1307 2280 1343 2323 Q,
1367 2281 1413 2315 10
1434 2282 1473 2314 et
1503 2279 1543 2314 la
1578 2282 1670 2314 note
1703 2279 1725 2313 a
1743 2289 1785 2314 ce

1099 2329 1196 2362 mot.
1218 2326 1357 2362 Ieizen
1375 2331 1464 2362 tout
1480 2328 1565 2361 etat
1579 2328 1628 2361 de
1641 2336 1782 2362 cause.

1146 2375 1436 2418 Facililatcm,
1456 2373 1603 2409 c.-a.-d.
1629 2377 1785 2408 eoetem-

1092 2423 1319 2466 poralem‚·
1341 2422 1522 2468 s’oppose
1538 2421 1560 2455 a
1581 2421 1783 2465 cogytlatio

1100 2479 1150 2504 ea
1169 2469 1238 2515 qui
1252 2469 1420 2514 indique
1446 2468 1482 2503 le
1504 2468 1684 2503 discours
1710 2468 1785 2502 soi—

1100 2519 1365 2562 gneusement
1386 2516 1551 2562 prepare
1578 2515 1781 2550 d'avance.

1100 2563 1132 2599 11
1154 2563 1242 2598 faut
1263 2574 1339 2609 que
1358 2562 1693 2609 l'improvisation
1713 2562 1784 2597 de—

1099 2611 1246 2646 vienne
1279 2610 1389 2645 aussi
1424 2610 1623 2656 parfaiteg
1655 2613 1692 2644 et,
1726 2609 1783 2644 les

1100 2657 1305 2703 exemples
1326 2657 1396 2703 qui
1418 2657 1578 2692 suivent
1596 2668 1643 2692 en
1663 2666 1783 2691 inon-

1100 2707 1209 2740 trent
1227 2705 1267 2740 la
1284 2704 1523 2752 possibilite.
