1997 3231
986 95 1087 138 -1

369 201 415 241 ⁴21
452 201 620 240 minime
646 201 756 239 fallat
775 199 968 250 legendus
990 203 1065 250 ost,
1089 200 1155 237 sed
1180 199 1393 246 dilig-enter
1413 211 1457 236 uc
1485 211 1610 250 paene
1636 198 1683 237 ad
1712 198 1808 237 scri-

448 267 568 305 bendi
591 265 926 312 sollicitudinem;
945 277 1019 304 nec
1039 278 1110 317 per
1131 268 1263 316 paries
1283 263 1400 302 modo
1417 264 1633 303 scrutanda
1652 265 1806 315 omnia,

452 332 520 370 sed
544 332 743 383 perlectus
766 331 869 370 liber
890 331 1030 382 utique
1045 343 1093 369 ex
1108 331 1262 380 integro
1276 329 1560 380 resumendus,
1580 331 1810 382 praecipue-

454 410 532 448 que
552 398 696 447 oratio,
727 397 846 447 cujus
880 396 1048 435 virtutes
1081 397 1313 447 frequenter
1343 408 1390 433 ex
1419 395 1618 434 industria
1651 408 1809 447 quoque

459 464 725 502 occultantur.
761 463 888 514 Saepe
922 462 1031 500 enim
1063 465 1287 513 praeparat,
1322 461 1565 512 dissimulat,
1597 461 1811 500 insidiatur

454 534 602 580 orator,
620 541 747 579 eaque
784 529 826 566 in
865 529 993 580 prima
1026 531 1137 578 parte
1169 526 1336 565 actionis
1368 527 1479 576 (licit,
1506 539 1608 577 quae
1641 531 1736 565 sunt
1767 528 1808 566 in

455 607 617 634 sumina
639 595 867 646 profutura.
890 594 1030 644 Itaque
1045 606 1116 631 suo
1137 593 1220 630 loco
1241 592 1378 630 minus
1398 592 1569 643 placent,
1589 593 1721 630 adhuc
1742 605 1810 631 no-

454 662 517 701 bis
555 673 680 712 quare
712 660 818 699 dicta
852 661 933 698 sint
965 658 1259 709 ignorantibus,
1291 658 1458 708 ideoque
1490 662 1609 696 erunt
1641 659 1809 708 cognitis

455 728 644 767 omnibus
668 726 900 777 repetenda.
936 725 1039 763 Illud
1061 737 1153 762 vero
1166 724 1445 773 utilissimum,
1468 737 1585 762 nosse
1612 736 1678 762 eas
1709 736 1807 762 cau-

460 805 538 844 sas,
570 804 744 843 quarum
774 791 972 829 orationes
1001 790 1043 827 in
1071 801 1216 827 manus
1244 788 1528 838 sumserimus,
1557 792 1594 827 et
1625 789 1811 840 quotiens

380 860 431 898 ‘2⁸2
461 858 680 907 continget,
696 857 902 907 utrimque
919 855 1075 894 liabitas
1094 854 1225 904 legere
1242 853 1417 892 actiones
1436 866 1442 891 :
1470 858 1514 892 ut
1529 854 1811 892 Demosthenis

459 928 508 962 et·
518 923 731 962 Aeschinis
746 923 851 961 inter
871 934 913 960 se
933 920 1167 969 contrarias,
1187 923 1226 957 et
1246 919 1372 957 Servii
1394 918 1559 971 Sulpicii
1575 924 1694 970 atque
1709 919 1813 958 Mes-

456 990 578 1040 salae,
618 1000 793 1040 quorum
832 988 933 1026 alter
970 999 1041 1037 pro
1083 985 1262 1035 Aufidia,
1303 989 1440 1023 contra
1478 984 1578 1023 dixit
1613 985 1734 1036 alter,
1774 989 1812 1024 et

374 1098 475 1132 vant
496 1096 598 1130 nisi.
622 1095 679 1129 De
701 1095 830 1129 ineme
851 1092 942 1140 plus
970 1092 1056 1135 lias,

374 1147 409 1181 5.
432 1144 503 1179 30:
531 1144 617 1178 nisi
641 1144 687 1177 in
722 1142 958 1177 solitudine
988 1150 1060 1174 re-

371 1193 520 1237 perire
562 1201 647 1225 non
676 1199 924 1233 possumus.
963 1187 1059 1222 Plus

377 1239 466 1274 tard
495 1249 545 1273 on
579 1237 638 1273 les
672 1237 768 1272 ecrit
802 1247 850 1271 en
885 1246 939 1270 un
974 1234 1061 1270 seul

379 1289 477 1327 mot,
500 1286 570 1332 qui
593 1285 793 1321 constitue
814 1294 869 1319 un
886 1282 1062 1318 ads-erbe

376 1333 587 1369 veritable.

425 1382 484 1417 21.
501 1380 731 1416 Scribencli
746 1379 920 1414 scilicit.
939 1387 1063 1412 :avec

380 1428 675 1473 Z'application
707 1429 832 1471 qu’on
865 1425 1064 1460 meitraic

378 1477 404 1512 a
426 1477 576 1512 ecrire.
600 1475 657 1510 La
677 1473 897 1509 correction
918 1483 924 1507 :
953 1473 1064 1507 scri—

379 1525 518 1559 bentis
541 1525 601 1559 est
620 1521 790 1561 inutile:
814 1520 850 1556 le
881 1530 973 1554 sens
1005 1521 1065 1555 est

379 1572 492 1608 clair.
516 1570 643 1612 Pline,
666 1572 754 1614 Ep..
776 1568 828 1612 II,
850 1569 886 1611 ὃ,
905 1568 941 1609 2,
977 1577 1065 1602 6111-

379 1619 486 1666 ploie
514 1618 616 1653 dans
646 1617 682 1652 le
717 1619 846 1652 11161116
880 1625 969 1650 cas:
1002 1615 1064 1649 in·

381 1668 617 1702 tentionem
638 1665 881 1701 scribentis.

428 1715 493 1750 Ex
505 1715 729 1758 inieyro...
751 1721 806 1747 Ex
818 1711 1061 1746 industria.

385 1762 552 1797 Ciceron
574 1760 676 1795 dans
692 1770 755 1795 ces
765 1759 968 1794 locutions
983 1767 1063 1792 em-

378 1809 484 1856 ploie
504 1808 563 1844 les
582 1808 741 1855 prepos.
764 1808 815 1842 ab
838 1809 876 1841 et
908 1807 972 1840 de.
1007 1807 1063 1840 De

379 1857 609 1892 industria
663 1865 712 1890 ne
764 1865 805 1889 se
855 1855 1063 1888 rencontre

380 1905 528 1951 qu'une
551 1903 628 1938 sois
643 1902 736 1938 chez
753 1901 891 1944 Quint.

429 1953 596 1986 Orator.
607 1949 667 1986 On
681 1952 777 1996 peut
788 1948 945 1984 verifier
961 1950 1063 1983 cette

380 1999 639 2034 observation
660 2008 729 2032 sur
747 1996 782 2032 le
795 2006 877 2040 pro
903 1996 1063 2030 Milone

381 2046 451 2093 qui
481 2046 533 2081 l'a
561 2055 656 2080 sans
696 2044 816 2079 doute
856 2043 1061 2088 suggeree.

382 2094 441 2129 La
474 2093 761 2137 praeparatio
793 2092 850 2126 ad
866 2101 1061 2126 causam.

382 2141 452 2188 qui
486 2141 605 2176 traite
634 2140 675 2175 la
707 2139 894 2185 question
920 2137 1063 2172 theori-

381 2199 459 2235 que
475 2188 528 2222 du
545 2198 611 2223 cas
627 2187 674 2222 de
689 2187 867 2233 legitime
884 2185 1060 2227 defense,

381 2236 456 2271 fait
485 2235 684 2280 longueur
705 2235 738 2269 si
759 2244 810 2269 on
832 2233 871 2268 111
891 2243 1063 2280 rappro-

381 2284 452 2319 che
472 2283 519 2318 de
540 2282 718 2318 l'enonce
737 2281 805 2316 des
818 2281 914 2315 faits
931 2291 942 2325 3
960 2281 1062 2315 mais

381 2331 456 2366 elle
475 2330 560 2365 cree
580 2340 660 2365 une
694 2329 933 2375 disposition
958 2327 1063 2362 d’es—

380 2379 461 2425 prit
495 2378 564 2424 qui
597 2377 681 2412 doit
700 2377 809 2412 seule
831 2376 971 2410 rendre
1002 2386 1063 2410 uc-

381 2425 585 2472 ceptables
618 2424 792 2459 certains
826 2426 1062 2469 arguments

379 2473 586 2520 employes
609 2472 711 2506 dans
738 2471 777 2505 la
800 2471 917 2506 suite.

426 2522 558 2556 Actio.
583 2519 682 2554 Sens
697 2518 881 2553 different
903 2518 949 2552 ‹le
963 2529 1063 2553 ceux

380 2568 450 2614 qui
472 2570 564 2603 sont
584 2566 794 2612 expliques
833 2565 926 2611 plus
948 2566 1060 2602 haut.

379 2617 450 2660 17;
489 2615 592 2650 mais
614 2624 707 2649 sens
725 2614 809 2652 tres
829 2613 1029 2658 classique
1053 2623 1060 2647 1

382 2664 579 2698 discours
594 2662 825 2705 prononce'.
855 2661 913 2695 De
936 2663 1063 2695 meme

382 2721 437 2745 un
471 2721 546 2755 peu
582 2709 675 2755 plus
707 2707 789 2743 loin
811 2718 817 2742 τ
840 2709 1061 2752 utrimque

382 2758 618 2793 habitas...
682 2756 887 2791 actiones.
946 2755 1063 2789 Ainsi

382 2805 474 2839 chez
512 2804 678 2840 Ciceron
709 2813 717 2839 2
758 2803 912 2838 Prima
949 2803 1062 2837 actio

1129 1092 1175 1125 in
1207 1093 1379 1126 Verrem
1403 1093 1478 1126 etc.

1178 1140 1229 1173 Iri
1266 1148 1440 1173 samma
1474 1153 1516 1168 Ξ
1548 1139 1723 1173 iiliima.
1759 1137 1809 1173 cs.

1130 1186 1202 1228 ΙΙΙ,
1235 1186 1270 1229 52,
1304 1186 1378 1220 48:
1416 1187 1667 1221 duodecimo
1710 1185 1813 1220 libro

1130 1235 1205 1279 qui
1239 1243 1407 1269 SUMMUS
1446 1233 1630 1278 filimirus
1659 1237 1720 1268 est
1753 1253 1811 1269 —.

1132 1282 1315 1328 s’oppose
1347 1280 1647 1326 generalement
1678 1281 1701 1315 a
1723 1281 1814 1324 pri-

1132 1339 1243 1364 mus.

1178 1376 1236 1411 2⁴2.
1266 1376 1563 1411 Demosthenis
1591 1379 1721 1420 atque
1740 1377 1812 1411 Ae-

1132 1424 1296 1459 schmis
1314 1451 1323 1458 .
1368 1423 1443 1459 Les
1480 1423 1586 1458 deux
1631 1423 1813 1458 diScours

1133 1482 1210 1517 que
1250 1481 1354 1506 nous
1392 1470 1615 1517 possedons
1654 1480 1811 1513 encore,

1133 1529 1236 1564 pour
1256 1521 1294 1553 et
1314 1520 1451 1554 contre
1469 1517 1691 1564 Ctesiphon
1713 1518 1815 1553 dans

1133 1567 1168 1601 le
1190 1567 1330 1613 proces
1351 1565 1399 1601 de
1420 1565 1460 1600 la
1481 1565 1709 1601 Couronne.
1745 1565 1815 1600 Ci-

1133 1614 1251 1649 ceron
1271 1613 1330 1649 les
1351 1613 1462 1648 avait
1480 1613 1655 1648 traduits
1679 1623 1686 1652 ;
1710 1623 1813 1648 nous

1132 1663 1302 1696 n'avons
1322 1660 1415 1708 plus
1437 1670 1514 1706 que
1529 1660 1569 1695 la
1589 1660 1748 1707 pref-ace
1764 1660 1813 1696 de

1133 1710 1235 1744 cette
1267 1708 1498 1743 traduction
1535 1707 1637 1742 dans
1656 1707 1813 1754 l’opus-

1133 1756 1245 1792 cule:
1286 1757 1336 1791 de
1358 1757 1517 1800 optimo
1538 1765 1693 1800 genere
1722 1765 1814 1790 ora-

1136 1807 1291 1839 lorum.

1181 1851 1322 1886 Servii
1337 1851 1523 1894 Sulpicii
1552 1853 1682 1895 atque
1703 1851 1817 1886 Mes—

1132 1900 1267 1934 salae.
1305 1897 1339 1932 Il
1367 1901 1426 1933 est
1447 1898 1636 1943 question
1657 1898 1710 1932 du
1729 1908 1816 1944 pre-

1133 1946 1233 1981 mier
1254 1945 1301 1981 de
1323 1955 1386 1980 ces
1408 1947 1590 1980 orateurs
1612 1944 1704 1991 plus
1725 1945 1813 1989 bas,

1133 1994 1201 2028 116
1231 1996 1270 2028 et
1302 1993 1364 2027 ch.
1399 1993 1435 2036 5,
1470 1993 1500 2026 1.
1520 1992 1664 2028 C'etait
1681 2003 1736 2027 un
1756 1993 1817 2038 ju-

1134 2040 1375 2077 risconsulte
1416 2040 1568 2076 celebre
1586 2067 1595 2082 ‚
1642 2043 1817 2075 contem-

1162 2089 1274 2124 orain
1297 2088 1344 2123 de
1364 2087 1530 2122 Ciceron
1553 2088 1623 2133 qui
1670 2087 1751 2123 arle
1767 2087 1816 2123 de

1132 2100 1190 2171 iiii
1213 2136 1314 2171 dans
1333 2135 1370 2170 16
1388 2137 1553 2170 Brutus
1570 2135 1592 2170 a
1613 2146 1638 2182 p
1658 2135 1816 2170 usieurs

1133 2184 1306 2230 reprises
1329 2184 1383 2228 (v.
1407 2185 1561 2217 notam.
1583 2183 1642 2226 42,
1661 2182 1759 2227 153),
1778 2185 1817 2217 et

1133 2230 1452 2276 correspondant
1466 2230 1514 2265 de
1525 2231 1694 2266 Varron.
1704 2230 1811 2266 AUL.

1132 2279 1233 2314 GEL.
1257 2278 1309 2322 II,
1349 2278 1408 2322 10,
1448 2278 1494 2312 1:
1524 2279 1646 2312 Juris
1673 2278 1817 2313 civilis

1132 2330 1285 2362 auctor
1326 2327 1395 2360 vir
1434 2326 1536 2360 bene
1574 2326 1813 2368 litteratus,

1131 2374 1308 2417 scripsit
1336 2374 1393 2408 ad
1423 2374 1478 2407 M.
1510 2374 1808 2408 Varronem...

1140 2423 1274 2457 Varro
1296 2421 1521 2463 rescripsit
1540 2422 1612 2455 etc.

1178 2469 1368 2503 Messala
1403 2467 1473 2512 (M.
1504 2466 1688 2501 Valerius
1722 2466 1814 2504 Cor-

1131 2516 1281 2561 vinus),
1306 2515 1489 2561 appi·ecie
1511 2514 1602 2560 plus
1615 2513 1714 2557 loin,
1728 2514 1811 2554 113,

1132 2567 1170 2599 et
1190 2564 1265 2599 cite
1287 2563 1349 2598 cli.
1371 2563 1408 2604 5,
1429 2563 1464 2604 2,
1486 2565 1546 2597 est
1562 2572 1617 2596 un
1629 2572 1707 2608 peu
1723 2561 1816 2607 plus

1128 2612 1250 2657 jeune
1274 2620 1280 2645 :
1306 2609 1407 2644 rival
1429 2609 1633 2644 d'Asinius
1656 2608 1816 2644 Pollion

1132 2669 1181 2694 en
1217 2658 1460 2704 eloquence3
1492 2656 1583 2691 Ioue
1604 2667 1678 2702 par
1698 2656 1816 2691 Cice—

1133 2717 1220 2747 ron,
1254 2707 1328 2749 Ep.
1364 2706 1422 2739 ad
1454 2706 1594 2746 Brat.,
1626 2703 1658 2745 Ι,
1693 2703 1752 2746 15,
1775 2704 1810 2745 1,

1133 2753 1212 2788 arni
1234 2753 1281 2787 (16
1303 2751 1463 2786 Tibulle
1484 2751 1552 2797 qui
1573 2750 1631 2785 lui
1647 2750 1810 2785 adresse

1133 2801 1171 2835 la
1204 2801 1236 2835 ’μ’
1270 2799 1392 2844 elegie
1425 2799 1478 2834 du
1511 2798 1565 2834 10¹·
1586 2797 1698 2841 livre,
1723 2808 1812 2833 sou-

1991 206 1997 272 ..-.,-
1988 100 1997 193 m‘„
