1997 3231
819 168 1055 208 —133-

258 271 304 309 In
334 271 406 308 hoc
440 269 588 320 optimc
615 268 760 306 facient
790 267 969 305 infinitae
1001 269 1270 318 quaestiones,
1293 282 1392 319 quas
1424 269 1551 307 vocari

204 336 330 376 thesis
366 334 558 384 diximus,
591 333 738 384 quihus
772 332 908 372 Cicero
935 332 1020 383 jam
1043 335 1229 385 princeps
1262 335 1303 372 in
1330 347 1372 372 re
1394 334 1552 385 publica

202 401 379 441 exerceri
413 400 578 439 solebat.
613 399 687 438 His
720 397 890 437 confinis
922 402 983 436 est
1008 399 1224 438 destructio
1245 403 1282 437 et
1304 401 1552 438 confirmatio
1581 399 1633 439 ‘12

202 467 510 506 sententiarum.
544 466 648 505 Nam
680 477 773 502 cum
806 464 858 502 sit
889 464 1325 504 sententia'decretum
1352 466 1553 516 quoddam

201 537 324 585 atque
356 536 628 584 praeceptum,
665 530 771 582 quod
792 529 841 568 de
862 542 920 580 re,
944 530 1051 569 idem
1086 531 1134 569 de
1156 531 1308 581 judicio
1336 532 1393 570 rei
1414 532 1552 582 quaeri

202 692 385 725 moneta.
431 688 493 724 Cf.
539 688 635 724 SEX.
681 689 756 732 Ep.
802 686 849 722 55
874 697 881 722 :

200 739 403 772 Frontem
427 739 602 771 tantum
636 736 734 770 novi
757 738 796 770 et
818 744 885 769 ea:-

195 786 341 829 posita
381 794 491 829 quae
529 784 720 818 ostendit
747 783 884 817 etiam

203 832 547 867 transeuntibus.
561 831 715 866 Jamais
731 840 828 864 avec
842 839 884 864 ce

200 890 293 915 sens
305 879 406 914 dans
421 878 461 913 la
470 878 630 914 latinite
643 877 882 913 ante'rieure.

222 942 881 991 Infinitaequaestiones.Quint.

199 991 342 1027 definit
370 991 584 1027 lui-meme
617 1001 661 1026 ce
691 989 789 1036 qu’il
811 1000 884 1024 en—

199 1039 296 1075 tend
326 1049 400 1085 par
433 1049 475 1074 oe
506 1042 646 1081 terme,
680 1038 754 1081 ΙΙΙ,
772 1038 809 1079 5,
831 1037 880 1072 5:

199 1087 409 1133 Infinitae
430 1089 535 1121 sunt
572 1096 682 1131 quae
703 1086 883 1120 remotis

192 1134 394 1179 personis
412 1137 453 1169 et
475 1134 736 1177 temporibus
758 1136 798 1167 et
821 1133 884 1167 lo—

199 1183 276 1224 cis,
314 1183 551 1226 ceterisque
584 1181 801 1216 similibus
834 1181 882 1214 in

201 1232 434 1273 utramque
470 1231 642 1272 partem
684 1231 884 1263 tractan-

201 1285 288 1326 tur,
305 1283 415 1327 quod
431 1281 582 1317 Graeci
601 1275 696 1313 θέσιν
713 1282 880 1323 dicunt,

199 1330 341 1366 Cicero
344 1330 570 1374 propositu
577 1339 632 1370 m,
643 1329 725 1364 alii
735 1338 884 1373 quaes-

201 1378 340 1413 tiones
391 1377 665 1412 universales
717 1377 881 1418 civiles,

198 1425 283 1460 alii
321 1425 593 1469 quaestiones
633 1423 882 1469 philosopho

198 1472 511 1514 convenientes,
524 1472 770 1506 Athenaeus
781 1480 883 1514 par-

201 1524 285 1555 tem
319 1529 477 1554 causae
508 1519 713 1563 appellat.
749 1538 794 1542 —
814 1518 883 1552 In-

198 1567 352 1613 finitae
374 1569 470 1601 veut
490 1566 594 1601 donc
613 1565 697 1600 dire
716 1576 728 1599 :
755 1566 883 1600 inde-

201 1615 448 1656 terminees‚
468 1624 511 1649 ce
527 1616 651 1659 qu’un
674 1623 884 1648 commen-

198 1664 332 1697 tateur
369 1661 566 1706 (ERNEST‚
605 1661 755 1696 Techn.
785 1661 880 1695 Lat.

198 1710 319 1745 Rhet.
348 1719 387 1755 p.
416 1708 501 1751 316)
529 1707 711 1755 appelle:
748 1707 883 1754 dispu-

198 1756 397 1792 tationem
412 1755 685 1791 universalem
701 1755 749 1790 de
764 1755 883 1790 rebus

199 1803 318 1839 bonis
357 1805 396 1838 et
438 1802 572 1844 malis}
613 1803 660 1838 de
696 1803 808 1848 justo
845 1804 884 1837 et

199 1851 366 1897 injusto,
401 1850 449 1885 de
487 1850 629 1896 gloria,
658 1850 882 1896 triumpho.

198 1898 254 1934 Le
263 1897 462 1934 contraire
472 1900 532 1933 est
546 1908 558 1932 .·
569 1898 724 1944 finitae
735 1907 884 1942 quaes-

201 1947 351 1981 tiones.
393 1945 454 1980 Ih.
489 1946 537 1980 7:
583 1946 784 1991 finitae...
831 1955 885 1980 eso

199 1994 426 2037 complexu
485 2002 636 2028 rerum
678 2002 884 2036 persona-

199 2050 316 2083 rum,
340 2043 580 2084 temporum
619 2043 886 2075 ceterorum-

199 2103 308 2138 que;
330 2093 406 2128 hae
443 2087 631 2130 ὑποθέσεις
663 2102 689 2128 a
710 2092 885 2128 Graecis

201 2141 421 2183 dicuntur,
455 2150 615 2175 causae
647 2150 674 2174 a
708 2141 882 2175 nostris.

200 2189 253 2222 In
275 2188 343 2223 his
363 2187 506 2223 omnis
544 2188 742 2232 quaestio
763 2188 886 2222 vide-

203 2238 276 2270 tur
312 2235 431 2270 circa
476 2244 546 2269 res
590 2244 884 2279 personasque

200 2283 502 2318 consistere...
566 2283 750 2327 Infinita
791 2285 886 2317 est:

206 2345 219 2361 ι
240 2332 306 2365 An
325 2339 438 2365 uoeor
459 2331 660 2364 ducenda
683 2328 700 2364 ,2
724 2343 737 2360 ι
759 2330 888 2364 Fini—

203 2380 275 2413 ta:
300 2392 313 2409 ι
338 2379 403 2412 An
425 2377 576 2412 Catoni
604 2378 805 2412 ducenda
829 2376 845 2411 ?
870 2392 882 2407 »

249 2437 300 2471 In
333 2437 407 2471 hoc
439 2435 614 2480 facient.
647 2434 730 2470 Hoc
756 2435 888 2471 iil'ac-

203 2493 318 2528 cus.;
353 2484 402 2518 in
439 2492 542 2530 pour
573 2481 614 2517 la
632 2482 887 2527 designation

205 2530 259 2565 du
291 2530 379 2571 but,
414 2540 510 2565 avec
541 2529 578 2565 le
605 2539 697 2564 sens
718 2529 791 2565 de:
814 2532 886 2565 ad.

202 2577 264 2612 Cf.
287 2578 324 2621 2,
345 2577 385 2614 5.
420 2578 602 2613 Facient
622 2587 778 2612 comme
795 2577 889 2624 plus

202 2625 291 2671 bas,
313 2626 348 2665 7,
369 2625 393 2659 4
413 2635 420 2660 :
444 2625 554 2663 Quid
571 2625 739 2658 multus
757 2626 888 2660 stilus

300 2671 513 2717 facil...?
563 2691 608 2696 —
654 2672 891 2707 Diximus:

204 2720 240 2754 A
274 2719 461 2755 l’endroit
498 2728 577 2765 que
620 2728 724 2754 nous
763 2729 890 2754 avons

205 2766 293 2802 cite.
318 2787 363 2792 —
402 2767 558 2802 Cicero.
598 2765 633 2800 Il
665 2766 834 2801 ecrivait
865 2767 890 2802 e.

205 2812 365 2850 Atticus
397 2824 447 2849 en
478 2814 621 2861 4953v.
653 2813 689 2849 J.
712 2813 757 2849 C.
799 2814 886 2860 (IX,

946 687 983 729 4)
1003 697 1011 722 :
1034 689 1096 723 Ne
1118 698 1183 723 me
1204 690 1338 723 totum
1355 688 1632 731 aegyritudini

949 737 1120 778 declam,
1161 737 1329 779 sumpsi
1369 735 1477 770 mihi
1511 745 1633 779 quas-

948 789 1047 823 clam
1072 792 1298 833 tamquam
1333 783 1460 826 θέσεις.
1491 788 1552 824 Cf.
1575 789 1630 824 ih.

946 841 1016 885 1X‚
1032 843 1068 883 9,
1085 843 1105 877 1
1124 853 1131 877 :
1155 837 1271 880 θέσεις
1292 851 1410 877 meas
1426 852 1632 877 commen—

949 891 1039 925 tari
1067 900 1152 925 non
1187 890 1351 925 desino.
1386 889 1463 925 Les
1494 891 1632 925 Para-

947 939 1078 973 doxes
1111 937 1211 984 qu'il
1243 947 1433 983 composa
1469 947 1559 972 vers
1590 937 1632 972 la

946 985 1003 1020 fin
1024 985 1072 1020 de
1093 995 1138 1020 sa
1157 985 1236 1027 vie,
1275 985 1588 1031 appartiennent
1607 985 1631 1019 ἐι

947 1043 989 1068 ce
1010 1042 1143 1078 genre.
1176 1031 1210 1067 Il
1230 1031 1288 1067 les
1309 1032 1449 1067 definit
1466 1031 1631 1067 lui-ine-

946 1090 1023 1120 me,
1083 1081 1200 1115 Orat.
1249 1080 1309 1121 14,
1344 1080 1418 1115 46:
1468 1081 1629 1115 Haec...

947 1128 1143 1172 quaestio
1169 1137 1196 1162 a
1213 1128 1406 1171 propriis
1430 1128 1632 1171 personis

947 1178 988 1210 et
1029 1175 1290 1219 temporibus
1329 1176 1387 1209 ad
1430 1175 1629 1209 universi

945 1224 1119 1267 yeneris
1140 1223 1384 1258 orationem
1426 1223 1630 1257 traducta

946 1277 1199 1319 appellatur
1255 1269 1364 1313 θέσις.
1423 1275 1602 1310 Aristote
1619 1302 1628 1316 ‚

946 1323 1184 1369 ajoute-t-il‚
1205 1323 1347 1358 aimait
1382 1334 1405 1357 a
1424 1334 1452 1368 y
1473 1332 1631 1357 exercer

946 1370 1004 1406 les
1021 1370 1163 1416 Jeunes
1182 1381 1281 1416 gens
1298 1380 1306 1405 :
1330 1371 1378 1404 in
1396 1373 1628 1414 utramque

939 1426 1115 1462 partem
1138 1421 1187 1452 ut
1219 1418 1422 1453 ornatius
1461 1420 1501 1452 et
1538 1418 1630 1451 ube-

945 1466 1042 1500 rius
1075 1466 1163 1500 dici
1191 1468 1344 1509 posset.
1379 1464 1440 1500 Cf.
1475 1464 1626 1506 meT.

946 1513 1037 1556 XII,
1058 1512 1094 1554 2,
1116 1512 1186 1548 525:
1215 1513 1501 1556 Peripatetici
1533 1515 1630 1547 stu-

947 1561 1017 1595 clio
1036 1570 1201 1605 quoque
1220 1570 1262 1595 se
1279 1561 1466 1604 quodam
1482 1562 1629 1594 orato—

946 1614 1012 1648 rio
1025 1615 1216 1656 jactant.
1230 1614 1344 1648 Nam
1360 1607 1475 1650 θέσεις
1490 1612 1628 1647 dicere

947 1662 1279 1696 exercitationis
1293 1661 1440 1705 qratia
1456 1660 1547 1705 sere
1566 1662 1629 1695 est

947 1709 997 1744 ab
1019 1709 1075 1743 iis
1097 1708 1367 1743 institutum.

993 1756 1052 1791 12.
1075 1756 1278 1802 Confines,
1306 1766 1358 1790 au
1384 1766 1476 1790 sens
1497 1754 1631 1789 meta-

946 1803 1158 1850 phorique‚
1209 1803 1394 1848 touj0u1·s
1441 1813 1492 1836 au
1536 1812 1629 1836 sens

946 1861 1092 1898 propre
1112 1851 1205 1886 chez
1232 1850 1413 1885 Cic-eron.

994 1899 1283 1933 Destructio...
1358 1897 1629 1943 confirmatio

947 1949 1060 1981 sent.
1081 1945 1188 1981 C'est
1210 1955 1253 1980 ce
1275 1955 1351 1991 que
1365 1945 1424 1980 les
1445 1944 1629 1979 rheteurs

948 2009 1060 2045 grecs
1104 1998 1336 2045 appelaient
1378 1993 1559 2042 α’νασιεύη
1593 1997 1631 2030 et

948 2048 1170 2097 Αατασιεύη.
1193 2051 1258 2087 Cf.
1285 2051 1339 2093 ΙΙ,
1359 2051 1396 2093 4,
1418 2050 1488 2086 ’18ῑ
1511 2051 1630 2085 Nar-

948 2101 1195 2134 rationibus
1208 2109 1294 2134 non
1306 2099 1530 2133 inutiliter
1541 2098 1632 2132 sul)-

941 2148 1155 2191 j‘unqitur
1205 2156 1310 2190 opus
1374 2145 1631 2180 destruendi

950 2195 1327 2240 confirmandique
1391 2203 1477 2233 eas,
1519 2193 1631 2237 quod

951 2243 1132 2292 ἀνασκεύη
1150 2249 1191 2282 et
1209 2242 1414 2291 κατασιεύη
1436 2248 1629 2281 vocatur.

950 2295 1192 2330 Destructio
1205 2294 1403 2340 equivaut
1421 2294 1443 2328 iz
1466 2292 1631 2337 refuta-

953 2342 1021 2377 tio.
1044 2343 1116 2377 Les
1134 2341 1329 2377 elements
1361 2351 1411 2376 en
1427 2342 1520 2375 sont
1545 2350 1633 2374 ein-

950 2389 1119 2436 pruntes
1133 2388 1432 2435 generalement
1445 2388 1468 2422 iz
1481 2387 1521 2421 la
1536 2397 1635 2421 nar-

952 2437 1085 2472 ration
1098 2446 1111 2482 3
1164 2436 1270 2471 ainsi
1319 2436 1421 2470 «filans
1470 2434 1507 2469 le
1551 2443 1632 2477 pro

952 2485 1125 2519 Milone.
1181 2483 1288 2518 Mais
1338 2483 1397 2518 les
1433 2481 1631 2520 rheteu1·s‚

952 2531 1054 2566 dans
1076 2531 1137 2566 les
1167 2534 1459 2570 conti-merses,
1495 2529 1635 2562 s’exer-

952 2579 1098 2622 calent,
1123 2578 1288 2613 suivant
1309 2577 1367 2612 les
1385 2579 1535 2610 melnes
1546 2585 1634 2621 pro-

954 2625 1084 2668 cedes,
1107 2636 1177 2660 sur
1197 2625 1266 2660 des
1287 2625 1432 2659 verites
1460 2621 1634 2657 morales

954 2683 1006 2708 ou
1027 2673 1085 2708 les
1107 2675 1234 2708 arrets
1266 2671 1361 2706 d'un
1389 2671 1484 2716 juge
1503 2679 1509 2703 :
1533 2679 1636 2703 sen-

955 2722 1129 2755 tentiae.
1157 2722 1378 2755 Decretum
1424 2715 1577 2763 repond
1611 2716 1636 2750 εὶ

953 2778 995 2803 ce
1018 2767 1176 2803 dernier
1196 2766 1311 2812 point
1329 2765 1376 2800 de
1401 2774 1490 2807 vue,
1507 2773 1634 2807 prae-

951 2818 1121 2859 ceptum
1143 2825 1195 2849 au
1214 2812 1397 2860 premier.
