1997 3231
758 93 995 133 —117—

154 188 252 230 dum
271 195 332 231 est
364 192 507 242 magis,
534 193 567 231 si
597 192 875 232 difficultatem
906 193 1001 232 facit
1035 192 1230 233 doctrina.
1287 193 1376 233 Non
1409 206 1503 245 ergo

151 269 311 308 semper
331 261 520 309 putemus
541 258 738 309 optimum
760 270 847 296 esse
881 258 987 308 quod
1021 259 1137 297 latet:
1179 259 1499 298 inmutescamus

150 321 313 372 alioqui,
347 322 379 360 si
414 323 514 362 nihil
549 323 765 362 dicendum
787 323 985 372 videatur,
1008 323 1085 361 nisi
1116 324 1220 374 quod
1246 337 1324 363 non
1346 325 1500 364 inveni-

150 399 256 425 mus,
315 388 529 427 Diversum
561 393 620 427 est
644 389 739 427 huic
760 401 900 427 eorum
922 389 1082 438 vitium,
1116 389 1184 439 qui
1207 390 1336 440 primo
1355 392 1497 432 decur-
1526 394 1578 434 17

150 464 239 491 rere
260 465 331 504 per
350 453 560 492 materiam
582 454 672 492 stilo
693 466 812 504 quam
835 454 1087 492 velocissimo
1106 454 1244 492 volunt
1271 459 1307 493 et
1329 468 1500 508 sequen-

152 522 211 557 tes
242 519 415 557 calorem
448 522 568 570 atque
607 519 804 570 impetum
841 531 889 556 ex
924 522 1105 570 ternpore
1143 519 1353 560 scribunt:
1395 522 1499 563 hanc

153 583 262 622 silv
277 596 299 622 a
314 596 354 621 m
392 588 549 622 vocant.
608 585 812 635 Repetunt
844 584 989 623 deinde
1037 588 1075 622 et
1113 589 1360 635 componunt
1397 600 1500 638 quae

153 649 377 688 effuderant
395 661 404 687 :
427 649 496 687 sed
517 649 637 688 verba
657 649 926 688 emendantur
946 653 985 688 et
1005 649 1182 698 numeri,
1221 655 1357 689 manet
1377 651 1418 690 in
1440 666 1502 692 re-

151 713 227 751 bus
246 716 396 751 temere
417 713 615 763 congestis
636 725 738 763 quae
758 713 833 751 fuit
862 713 1015 752 levitas.
1075 714 1267 752 Protinus
1302 727 1396 766 ergo
1428 717 1495 755 ad·
1526 717 1579 757 18

150 778 289 817 hibere
309 791 449 817 curam
470 779 619 817 rectius
641 778 716 816 erit
738 782 860 829 atque
879 778 929 817 ab
949 779 1064 818 initio
1085 780 1142 818 sic
1161 792 1261 831 opus
1279 781 1441 833 ducere,
1457 787 1503 822 ut

148 844 400 894 caelandum,
436 856 516 882 non
552 855 601 882 ex
636 843 791 893 integro
828 843 1109 882 fabricandum
1149 845 1214 883 sit.
1272 846 1500 898 Aliquando

148 914 283 948 tamen
315 909 496 948 adfectus
524 920 758 959 sequemur,
794 908 836 946 in
858 908 1007 959 quibus
1028 910 1111 949 fere
1130 910 1221 962 plus
1241 911 1348 950 calor
1379 924 1502 963 quam

148 974 356 1025 diligentia
376 974 494 1013 valet.

202 1051 309 1091 Satis
331 1054 496 1102 apparet
515 1062 564 1089 ex
585 1062 645 1100 e0‚
668 1049 774 1100 quod
796 1050 902 1088 hanc
920 1049 1185 1091 scribentium
1206 1053 1500 1104 neglegentiam

144 1117 307 1167 damno,
342 1116 440 1167 quid
472 1115 520 1154 de
554 1115 633 1154 illis
665 1114 842 1154 dictandi
881 1115 1035 1155 deliciis
1076 1117 1263 1157 sentiam.
1321 1120 1426 1159 Nam
1462 1121 1503 1161 in

145 1277 328 1326 precede.
355 1298 402 1303 —
421 1278 545 1313 Certa
560 1287 573 1311 .·
589 1275 830 1312 determines
942 1277 1001 1313 18.
1021 1279 1233 1316 Protinus
1253 1293 1296 1310 z
1323 1281 1375 1317 ab
1422 1281 1554 1317 initio
1571 1292 1587 1325 ;

896 1334 994 1361 avec
1024 1325 1245 1363 insistance
1279 1330 1317 1363 et
1353 1338 1402 1364 en
1433 1331 1512 1365 tete
1538 1329 1587 1365 de

145 1337 219 1374 par
237 1325 279 1361 la
298 1334 417 1361 cause
435 1327 584 1360 meme.-

192 1375 571 1409 Immutescamus.
599 1370 703 1407 Rare
730 1382 833 1418 pour

145 1422 445 1457 obmutescere.
481 1419 540 1454 De
560 1421 689 1454 meme
701 1418 830 1461 Stace,

149 1469 263 1504 Theb.
279 1467 346 1507 VI,
363 1467 458 1502 184:
482 1466 724 1510 abruptis...
756 1468 833 1502 tm-

147 1516 311 1551 mutuil
332 1524 402 1550 ore
424 1514 627 1559 querelis,
652 1534 696 1538 —
722 1515 832 1549 Alio-

144 1563 220 1608 qui
270 1562 377 1598 snivi
416 1561 463 1596 de
501 1560 542 1596 la
579 1561 831 1607 proposition

144 1608 474 1648 conditionnelle,
518 1608 704 1654 frequent
737 1608 830 1644 chez

143 1658 279 1701 Quint.
299 1657 361 1692 Cf.
381 1656 474 1702 plus
495 1655 581 1695 bas,
601 1654 660 1690 30.

189 1705 248 1740 17.
272 1704 496 1739 Diversum
527 1713 620 1737 avec
654 1702 690 1737 le
725 1702 831 1738 datis

142 1752 244 1787 n'est
258 1750 375 1786 usuel
390 1761 466 1797 que
488 1750 590 1785 dans
611 1749 651 1784 la
670 1748 830 1785 latinite

143 1799 260 1846 apres
293 1798 459 1834 Ciceron
501 1796 628 1833 :chez
675 1796 831 1832 celui-ci

142 1848 207 1882 ab.
256 1846 355 1891 Deja
398 1845 492 1880 chez
534 1844 702 1883 Horace,
751 1846 826 1888 Ep.

142 1894 174 1934 Ι,
191 1893 249 1933 18,
276 1893 321 1928 5:
353 1894 427 1928 Est
466 1893 567 1927 huic
607 1893 830 1927 diversum

142 1942 248 1976 vitio
266 1941 425 1975 vilium
441 1949 572 1984 prope
590 1940 747 1979 majus.
767 1939 830 1975 Un

142 1987 323 2034 exemple
347 1987 440 2022 chez
469 1987 603 2022 Cesar.
629 1987 733 2020 Bell.
749 1988 829 2024 civ.

140 2035 247 2077 3‚30‚
268 2034 314 2070 2:
339 2034 510 2070 diversa
527 2033 608 2069 sibi
629 2034 829 2078 consilia,

142 2094 195 2118 au
228 2093 319 2117 sens
352 2081 400 2118 de
424 2081 664 2118 contraria.
695 2079 756 2115 Cf.
780 2082 828 2117 K.

141 2130 225 2172 5233,
246 2139 278 2164 c.

189 2184 323 2219 Silva.
358 2182 524 2217 Comme
551 2179 587 2215 16
626 2191 716 2226 grec
744 2174 828 2225 ὕλη,

139 2231 191 2266 ici
210 2241 262 2266 au
285 2240 378 2265 sens
401 2229 448 2264 de
483 2228 697 2263 brouillon
713 2239 727 2270 ‚·
758 2227 832 2262 fre-

140 2280 266 2324 quent
297 2277 390 2312 chez
431 2275 612 2314 Ciceron‚
659 2275 763 2310 mais
793 2274 832 2310 16

139 2325 232 2371 plus
262 2327 436 2360 souvent
467 2323 737 2369 acconipagne
767 2332 832 2357 en-

139 2382 228 2407 core
248 2372 296 2407 de
311 2372 453 2416 quasi.
471 2371 537 2404 Or.
559 2368 595 2408 3,
631 2370 676 2404 12
699 2380 706 2404 :
739 2379 833 2404 om-

139 2421 209 2455 nis
232 2420 407 2454 ubertas
429 2421 469 2453 et
490 2417 619 2462 quasi
640 2418 753 2452 silva
771 2417 827 2450 di-

137 2468 277 2502 cendi.
316 2466 377 2500 Cf.
407 2465 530 2501 SUE'r.
574 2465 723 2499 Gram.
752 2464 829 2499 24:

137 2514 331 2559 Reliquit
354 2523 439 2548 non
471 2512 729 2547 mediocrem
760 2511 832 2546 sil-

137 2571 237 2595 vam
276 2561 625 2595 observationum
676 2568 833 2593 sermo-

138 2608 209 2643 nis
247 2608 425 2652 antiqui
471 2605 680 2651 (Probus).
722 2606 833 2641 Com-

131 2658 317 2699 ponunt.
362 2653 551 2690 S'entend
586 2652 650 2699 de.
667 2651 833 2687 l’arran-

139 2703 301 2746 gement
318 2701 365 2737 de
383 2700 422 2735 la
449 2700 609 2747 phrase.
632 2699 696 2735 Cf.
718 2698 749 2742 Ι,
771 2699 830 2740 44,

137 2748 184 2788 66
203 2751 242 2783 et
260 2748 318 2783 79.

895 1372 935 1408 la
955 1383 1027 1419 pro
1059 1374 1205 1410 osition
1231 1384 1334 1421 pour
1354 1386 1525 1423 opposer
1545 1387 1587 1412 ce

895 1421 1012 1467 proce
1045 1422 1064 1456 e
1098 1422 1121 1456 a
1152 1422 1255 1458 celui
1275 1423 1346 1468 qui
1376 1425 1437 1459 est
1457 1434 1587 1460 carac-

897 1467 1014 1503 terise
1035 1471 1176 1505 avant.

944 1516 1055 1560 Opus
1076 1517 1246 1552 ducere.
1269 1516 1377 1552 Avec
1399 1515 1437 1553 le
1458 1520 1587 1553 meme

896 1572 988 1597 sens
1010 1573 1087 1609 que
1106 1563 1199 1599 chez
1234 1564 1403 1607 Horace,
1441 1566 1531 1601 Sat.
1554 1565 1586 1604 Ι,

895 1609 954 1645 10.
985 1609 1061 1646 41:
1099 1611 1225 1646 Forte
1265 1622 1362 1655 epos
1395 1621 1496 1647 acer
1537 1615 1587 1647 ut

897 1667 1020 1692 nemo
1041 1659 1198 1693 Varius
1219 1659 1353 1694 ducit.
1374 1658 1587 1706 S'emploie

896 1704 977 1740 tres
998 1708 1171 1740 souvent
1194 1715 1297 1752 pour
1326 1706 1587 1742 caracteriser

895 1750 1060 1787 l¹oeuvre
1098 1753 1300 1799 poetique,
1330 1753 1533 1788 assimilee
1564 1754 1588 1788 a

895 1809 949 1833 un
973 1799 1120 1834 travail
1139 1800 1189 1835 de
1206 1800 1324 1836 tileur
1337 1811 1388 1836 ou
1407 1800 1588 1836 d’artiste

895 1845 1114 1893 plastique.
1153 1847 1270 1883 Ainsi
1304 1858 1477 1883 carmen
1513 1849 1588 1883 du-

895 1903 1002 1936 cere,
1023 1895 1097 1929 Ov.
1127 1896 1258 1931 Trist.
1297 1895 1330 1938 Ι,
1351 1895 1412 1937 11,
1446 1895 1516 1940 18;
1549 1897 1588 1931 et

895 1942 1104 1977 deducere
1147 1952 1306 1977 vers-ux.
1352 1943 1458 1978 Hoss.
1495 1944 1585 1978 Sat.

893 1987 946 2029 II,
966 1989 1047 2027 1,4.
1071 1988 1133 2024 Cf.
1167 1991 1241 2034 Ep.
1265 1990 1317 2029 ΙΙ,
1334 1990 1370 2032 1,
1389 1989 1460 2025 225
1482 1999 1490 2025 :
1525 1993 1589 2025 te-

895 2036 975 2070 nui
994 2038 1178 2072 deducta
1195 2040 1398 2081 poemata
1419 2038 1504 2083 filo.
1523 2037 1588 2072 Au

895 2093 987 2118 sens
1008 2083 1062 2118 du
1084 2084 1227 2119 travail
1249 2084 1296 2119 de
1317 2083 1358 2119 la
1378 2084 1586 2127 statuane,

893 2129 948 2165 ib.
986 2130 1056 2166 240
1091 2141 1098 2166 :
1137 2132 1313 2167 duceret
1364 2141 1472 2166 aera
1503 2131 1588 2176 for·

897 2178 952 2212 tis
969 2178 1214 2213 Alea-andri
1243 2180 1415 2213 vultum
1444 2179 1588 2214 simu-

897 2225 1054 2260 lantia.
1095 2225 1229 2261 VERG.
1268 2228 1348 2261 En.
1378 2225 1444 2265 VI,
1483 2226 1553 2260 847
1576 2235 1584 2261 ;

894 2273 1010 2306 vivos
1051 2273 1211 2307 ducent
1262 2275 1313 2308 de
1367 2282 1586 2307 marmore

895 2320 1055 2360 vultus,
1084 2322 1123 2354 et
1158 2319 1296 2362 Quint.
1316 2319 1409 2366 plus
1430 2319 1517 2361 bas,
1546 2320 1583 2360 5,

892 2368 915 2401 t)
938 2375 946 2401 ε
976 2368 1126 2401 eadem
1143 2376 1242 2403 cera
1264 2368 1382 2403 aliae
1413 2367 1582 2412 formae

895 2413 994 2448 duci
1011 2415 1163 2449 solent.

942 2462 1190 2505 Sequemur.
1214 2459 1270 2495 Le
1292 2459 1406 2495 futur
1437 2459 1506 2495 des
1528 2469 1584 2494 re-

894 2507 1244 2543 commandations
1308 2505 1578 2552 magistrales,

894 2554 1084 2601 frequent
1108 2555 1202 2590 chez
1231 2554 1370 2597 Quint.
1392 2553 1454 2588 Cf.
1490 2552 1583 2599 plus

893 2601 1008 2644 haut,
1030 2603 1065 2644 1,
1086 2602 1133 2638 58
1153 2605 1192 2638 et
1212 2601 1252 2636 la
1270 2604 1380 2636 note.

940 2649 1114 2685 Deliciis
1139 2659 1146 2684 :
1170 2651 1221 2684 de
1245 2650 1404 2692 l'usaqe
1426 2647 1477 2681 de
1496 2646 1582 2681 dic-

896 2699 960 2731 ter
982 2697 1060 2741 qui
1082 2699 1146 2731 est
1163 2698 1200 2732 si
1222 2696 1311 2740 fort
1331 2705 1384 2729 en
1405 2693 1581 2738 faveur,

894 2753 946 2778 au
978 2743 1058 2779 lieu
1088 2742 1251 2778 d'ecrire
1283 2741 1500 2776 soi-meme
1518 2749 1582 2775 ses
