1997 3231
764 147 973 190 ,95-

150 252 300 305 egerit:
324 254 414 306 quis
435 255 510 294 erit
529 254 688 303 modus,
712 254 744 291 si
767 257 806 291 et
825 252 913 291 illos
934 256 971 291 et
994 252 1063 303 qui
1097 256 1231 303 postea
1265 253 1430 292 fuerunt
1458 255 1498 292 et

149 320 319 359 Graecos
340 333 479 359 ornnes
497 321 547 372 [et
565 317 836 372 philosophos]
853 317 873 356 ‘2
885 319 959 357 fuit
975 318 1098 367 igitur
1111 318 1284 357 brevitas
1301 319 1366 358 illa
1382 320 1497 358 tutis·
1526 319 1578 358 39

147 385 263 433 sima,
285 398 388 435 quae
408 389 467 423 est
500 385 605 437 apud
633 385 791 423 Livium
816 384 857 422 in
887 382 1058 434 epistula
1089 383 1135 420 ad
1162 383 1292 421 filium
1324 385 1492 436 scripta:

146 449 414 501 legendos
448 451 886 489 Demosthenem
925 452 1093 498 atque
1133 447 1494 500 Ciceronem,

145 519 255 554 tum
289 516 394 565 ita,
435 520 492 555 ut
531 515 623 566 qui
643 528 778 566 sque
826 517 982 554 esset
1027 514 1397 553 Demostheni
1441 520 1496 554 et

144 581 408 620 Ciceroni
448 581 788 620 simillimus
808 611 816 620 .
856 581 946 620 Non
967 583 1027 618 est
1048 579 1340 618 dissimulanda
1361 582 1488 620 nostri
1518 582 1570 621 40

140 658 299 697 quoque
332 647 475 697 judicii
513 659 687 686 summa.
729 647 884 685 Paucos
922 645 1031 684 enim
1066 644 1127 683 vel
1167 645 1298 695 potius
1331 646 1396 684 vix
1430 647 1490 685 ul-

139 711 225 750 lum
277 724 326 750 ex
376 712 440 751 his
478 743 487 762 ‚
538 712 606 762 qui
656 715 896 750 vetustatem
948 710 1205 762 pertulerunt
1237 741 1251 758 ,

1309 712 1493 751 existimo

138 789 253 827 posse
295 778 478 830 reperiri,
517 778 616 829 quin
651 778 852 828 judicium
884 776 1174 816 adhibentibus
1208 777 1418 817 adlaturus
1439 779 1492 817 sit

138 843 321 882 utilitatis
359 843 539 894 aliquid,
581 856 674 882 cum
714 856 756 882 se
796 844 934 883 Cicero
972 843 1023 882 ab
1058 843 1137 881 illis
1178 855 1338 894 quoque
1365 847 1494 883 vetus-

138 907 305 947 tissimis
339 909 602 960 auctoribus,
643 908 865 960 ingeniosis
903 908 1094 960 quidem,
1134 908 1204 946 sed
1235 912 1321 947 arte
1355 922 1494 949 caren-

136 1022 303 1058 Brutus
335 1022 399 1057 fut
432 1023 636 1069 compose‚
669 1033 712 1058 ce
745 1022 816 1069 qui

133 1068 367 1114 justifierait
385 1070 465 1105 313
486 1070 652 1116 rigueur
673 1069 712 1104 la
733 1080 815 1106 cor-

135 1117 287 1152 rection
308 1128 314 1152 :
339 1119 598 1162 quibuscum
630 1119 812 1153 vivebat.

135 1163 212 1198 Car
238 1165 481 1200 Hortensius
509 1168 570 1201 est
590 1165 683 1200 bien
714 1175 817 1212 pour

134 1211 301 1247 Ciceron
323 1221 331 1247 :
354 1214 516 1248 aetatis
537 1223 657 1248 suae.
682 1211 815 1248 Seule-

134 1262 246 1294 ment
274 1259 303 1294 il
343 1262 404 1295 est
435 1262 542 1295 mort
571 1262 713 1306 quatre
741 1270 815 1295 ans

134 1309 260 1342 avant
278 1306 319 1342 la
338 1307 609 1354 composition
630 1307 685 1342 du
706 1309 815 1342 Bru-

135 1357 217 1389 tus.

172 1402 228 1445 (et
247 1401 547 1447 philosophos).
560 1402 683 1438 Halm
695 1402 812 1449 apres

133 1447 200 1484 Fr.
222 1448 405 1485 Schmidt
426 1450 527 1485 croit
546 1451 569 1485 a
596 1460 676 1485 une
701 1449 812 1495 glose

131 1497 169 1531 et
190 1507 271 1531 non
294 1507 388 1532 sans
409 1497 559 1533 raison.
588 1497 667 1532 Car
694 1507 813 1543 pour-

131 1546 240 1589 quoi.
264 1545 381 1591 apres
402 1544 655 1580 l’indication
688 1545 812 1590 gene-

130 1590 226 1634 rale,
249 1591 432 1627 detailler
448 1591 507 1636 les
538 1592 645 1627 seuls
676 1591 812 1638 philo-

130 1638 276 1684 sophes
298 1641 337 1674 et
358 1650 406 1675 ne
422 1650 496 1685 pas
512 1640 609 1675 citer
627 1639 738 1674 aussi
753 1639 810 1674 les

128 1685 346 1721 historiens
384 1689 424 1722 et
461 1687 518 1722 les
554 1688 695 1733 poetes
723 1686 741 1721 2
775 1686 811 1722 Il

129 1732 219 1767 faut
239 1733 427 1780 suppleer
447 1733 484 1770 le
505 1734 626 1770 verbe
644 1745 650 1769 :
666 1744 809 1778 perse-

128 1790 253 1825 quar.

171 1827 230 1863 39.
273 1829 442 1865 Fuerit.
499 1827 682 1874 Quoique
729 1828 800 1875 Sp.

130 1874 255 1910 Halm
291 1878 330 1911 et
368 1876 470 1912 Bon.
512 1875 683 1921 gardent
700 1876 804 1921 fuit,

128 1933 204 1968 que
235 1923 416 1959 donnent
453 1923 494 1958 la
532 1922 698 1969 plupart
737 1924 806 1959 des

127 1971 371 2006 manuscrits
395 1998 404 2015 ,
451 1980 555 2006 nous
598 1971 805 2017 preferons

125 2017 280 2061 fuerit,
302 2019 475 2065 puisque
496 2017 634 2060 Quint.
651 2029 700 2053 ne
723 2018 805 2054 s’en

126 2064 229 2100 tient
249 2077 322 2112 pas
344 2067 367 2100 a
400 2076 463 2101 ces
491 2064 664 2100 conseils
694 2076 806 2101 som—

125 2113 273 2148 maires
292 2123 303 2157 3
344 2124 386 2149 v.
432 2113 656 2159 cependant
702 2123 806 2160 pour

126 2158 344 2195 l'indicatif
359 2170 455 2195 avec
477 2170 635 2194 nuance
661 2160 805 2195 eondi-

125 2206 332 2250 tionnelle‚
356 2207 406 2242 K.
427 2207 497 2243 127
517 2209 556 2242 et
577 2207 681 2242 suiv.

171 2256 295 2299 Apud
327 2256 517 2290 Livium.
549 2255 595 2289 V.
624 2254 734 2298 VIII,
765 2254 801 2297 ἰ),

124 2301 191 2341 18,
245 2312 324 2337 une
369 2304 483 2337 autre
527 2302 707 2337 mention
755 2302 802 2338 de

123 2348 341 2392 Tite-Lim,
365 2349 550 2385 dormant
583 2349 653 2384 (les
701 2359 801 2384 con-

123 2396 216 2432 seils
246 2396 474 2432 litteraires.
505 2396 619 2432 Celui
650 2396 750 2431 dont
772 2397 800 2432 il

121 2445 181 2478 est
197 2445 385 2490 question
403 2445 453 2480 ici
471 2446 532 2479 est
548 2444 637 2489 deja
657 2444 732 2479 cite
751 2454 800 2479 en

120 2492 264 2536 partie,
284 2491 336 2535 II.
357 2492 393 2534 5,
414 2492 485 2527 20:
512 2495 604 2526 tum
633 2490 801 2537 (leyen-

120 2539 217 2580 dus)
276 2538 663 2585 (quemadmodum
724 2540 800 2573 Li-

121 2586 218 2621 vius
248 2588 482 2630 praecipit)
531 2590 580 2620 ut
615 2586 797 2630 quisque

121 2634 206 2667 erit
266 2635 463 2669 Ciceroni
501 2634 788 2669 simillimus.

119 2679 324 2716 Tite-Live
346 2681 456 2716 avait
477 2680 664 2726 compose
687 2681 797 2716 aussi

119 2726 188 2762 des
205 2728 343 2763 traites
365 2727 724 2775 philosophique&
747 2739 789 2764 v.

119 2773 218 2810 SEN.
258 2777 332 2819 Ep.
375 2776 486 2817 XVI,
526 2775 573 2810 5:
599 2776 794 2819 dialogos

117 2831 221 2867 quos
239 2832 324 2857 non
359 2824 500 2867 mayis
511 2822 793 2867 phlosophz'ae

240 2889 381 2929 Qumr„
401 2888 490 2930 L1ss.,
507 2886 550 2921 X.

883 1023 1187 1057 adnumerare
1236 1023 1380 1066 possis
1437 1033 1571 1068 quam

886 1070 1100 1105 historiae
1120 1073 1162 1105 et
1177 1080 1231 1105 em
1246 1070 1442 1115 professo
1466 1072 1572 1115 phi-

886 1117 1126 1161 losophiam
1137 1118 1411 1153 concinentes
1425 1119 1567 1155 libros.

884 1164 938 1200 Le
960 1164 1025 1200 fils
1045 1164 1145 1200 dont
1166 1164 1196 1200 11
1217 1168 1278 1200 est
1301 1165 1490 1211 question
1517 1167 1569 1203 ici

885 1214 946 1247 est
967 1212 1203 1247 mentionne
1227 1212 1339 1248 aussi
1360 1224 1435 1259 par
1455 1213 1570 1250 Pline

883 1258 1080 1304 l'Ancien‚
1103 1261 1216 1295 Hisc.
1240 1261 1344 1295 Nat.
1370 1261 1401 1304 I,
1430 1260 1501 1296 lib.
1531 1261 1565 1296 V

882 1309 921 1342 et
941 1307 1005 1342 VI.

928 1354 986 1390 40.
1000 1355 1228 1390 Judicz'um
1238 1355 1383 1391 adhib.
1399 1354 1567 1391 Comme

881 1401 975 1447 plus
999 1402 1073 1437 bas
1106 1402 1199 1437 131:
1234 1412 1474 1439 eoeercere..
1502 1406 1566 1437 ut-

883 1459 1066 1494 cumque
1077 1450 1319 1492 judicium,
1331 1460 1379 1484 en
1400 1449 1565 1496 parlant

879 1496 928 1531 de
955 1496 1157 1542 seneque,
1194 1498 1339 1532 auteur
1369 1497 1479 1543 plein
1514 1497 1563 1533 de

880 1543 1064 1579 detauts.
1094 1545 1206 1579 Jud.
1246 1544 1403 1590 signifie
1440 1544 1491 1579 ici
1526 1544 1562 1581 le

879 1594 999 1636 gout3
1042 1591 1092 1627 cf.
1132 1591 1240 1626 infra
1257 1618 1267 1631 ,
1301 1592 1373 1627 72:
1405 1594 1562 1635 pravis

877 1640 948 1673 sui
966 1640 1563 1682 temporisy'udiciis.—Judi-

879 1687 938 1721 cii
959 1696 1134 1722 summa
1154 1686 1224 1732 qui
1239 1689 1300 1721 est
1311 1687 1416 1722 deux
1431 1686 1560 1733 lignes

876 1732 968 1779 plus
998 1733 1100 1768 haut
1137 1744 1160 1768 a
1195 1744 1251 1769 un
1292 1744 1385 1769 sens
1427 1735 1559 1769 moins

877 1780 1048 1826 special:
1073 1783 1437 1826 notreJ'uyement
1451 1791 1560 1817 som-

875 1829 1030 1863 maire.

924 1877 1211 1911 Vetustatem:
1225 1877 1304 1915 Qui
1319 1879 1393 1912 ont
1410 1877 1558 1912 triom-

867 1923 953 1967 phe
974 1925 1047 1958 des
1064 1924 1241 1967 anne'es,
1268 1927 1342 1959 ont
1371 1924 1556 1968 e‘chappe

873 1970 901 2006 a
921 1972 1095 2006 Z'actz'on
1123 1972 1182 2005 du
1218 1974 1366 2015 temps,
1399 1981 1554 2006 comme

872 2017 930 2053 les
969 2018 1073 2053 bons
1118 2018 1211 2053 vins
1260 2018 1330 2064 qui
1375 2021 1555 2065 peuvent

871 2065 1039 2101 vieillir.
1077 2065 1132 2100 Ce
1172 2067 1265 2101 sont
1296 2065 1355 2101 les
1388 2066 1553 2101 anciens

872 2115 1062 2156 auteurs,
1100 2123 1174 2159 par
1209 2113 1440 2159 opposition
1472 2123 1554 2148 aux

871 2160 1084 2195 modernes
1101 2170 1113 2205 3
1152 2171 1192 2195 v.
1215 2159 1381 2196 ailleurs
1415 2159 1482 2205 (II,
1515 2161 1551 2204 5,

871 2206 931 2252 ⁶23)
953 2209 1180 2252 :antiquos
1198 2209 1334 2252 Ieyere
1357 2210 1551 2243 etnovos.

872 2254 919 2289 V.
950 2255 988 2297 4,
1020 2254 1062 2290 1:
1098 2256 1324 2291 Orationes
1355 2257 1551 2290 veterum

870 2311 921 2337 ao
943 2312 1166 2337 novorum.
1189 2301 1359 2338 Ciceron
1381 2304 1442 2338 est
1460 2313 1550 2349 par-

869 2349 926 2384 mi
946 2348 1004 2384 les
1020 2349 1207 2385 anciens:
1224 2360 1371 2385 omnes
1387 2353 1550 2385 veteres

869 2399 910 2431 et
930 2398 1072 2432 Cicero
1081 2398 1318 2441 praecipue
1335 2397 1422 2443 (IX,
1437 2396 1473 2440 3,
1492 2397 1544 2442 1).

871 2443 935 2479 Un
956 2455 1035 2491 peu
1057 2444 1150 2491 plus
1168 2444 1257 2487 bas,
1289 2444 1327 2479 le
1361 2443 1551 2491 superla—

866 2490 961 2526 latis
1018 2492 1330 2527 vetustissimis
1384 2491 1549 2536 des-igne

866 2548 967 2573 ceux
989 2541 1109 2585 qu'on
1129 2549 1180 2574 ne
1197 2539 1245 2574 lit
1259 2538 1366 2585 plus,
1383 2548 1483 2573 ceux
1498 2538 1548 2573 de

865 2585 905 2620 la
927 2586 1120 2631 premiere
1142 2586 1319 2633 periode.

912 2635 1071 2670 Cicero,
1088 2663 1095 2669 .
1113 2663 1119 2669 .
1145 2634 1363 2677 fateatur.
1381 2632 1494 2667 Dans
1509 2630 1546 2665 le

862 2681 1043 2723 Brutus,
1066 2681 1173 2724 XVI,
1195 2681 1238 2716 61
1256 2683 1294 2715 et
1317 2679 1420 2714 suiv.
1445 2679 1496 2713 011
1515 2677 1545 2712 11

863 2728 994 2763 exalte
1015 2728 1145 2764 Caton
1167 2731 1206 2763 et
1236 2727 1337 2762 daus
1372 2736 1416 2761 sa
1449 2735 1547 2772 per-

863 2785 989 2811 sonne
1010 2778 1102 2811 tous
1123 2775 1180 2810 les
1200 2775 1321 2809 vleux
1342 2773 1544 2819 represen-

863 2825 973 2858 tants
992 2823 1037 2858 de
1058 2822 1303 2868 l'eloquence
1323 2820 1461 2855 latinu.

1407 2882 1440 2915 2.
