1997 3231
791 157 843 165 —
870 108 949 176 1⁷55
977 157 1026 165 -

188 236 485 277 intermissione
535 237 702 290 paulum
738 238 957 276 admodum
996 238 1045 276 de
1082 238 1283 278 celeritate
1322 239 1534 290 deperdit:

187 307 418 355 promptum
450 304 524 343 hoc
556 308 596 342 et
628 304 670 342 in
702 303 884 354 expedito
921 304 1096 354 positum
1136 305 1419 343 exercitatione
1458 305 1539 343 sola

186 370 428 408 continetur.

488 370 572 407 Hac
604 369 662 407 uti
695 369 752 407 sic
785 369 982 419 optimum
1018 373 1093 418 est,
1128 374 1172 407 ut
1193 370 1334 408 cotidie
1357 370 1539 408 dicamus

185 435 443 473 audientibus
463 434 660 486 pluribus,
685 434 860 472 maxime
880 433 928 471 de
949 445 1122 484 quorum
1144 435 1272 473 simus
1290 435 1443 486 judicio
1484 440 1543 474 at-

186 512 264 550 que
285 500 471 551 opinione
492 500 650 538 solliciti
679 512 687 537 :
720 511 857 538 rarum
891 503 952 537 est
973 500 1099 547 enim,
1120 504 1163 538 ut
1185 501 1280 539 satis
1301 513 1343 539 se
1365 502 1537 552 quisque

186 570 388 605 vereatur.
432 566 503 604 Vel
525 566 596 604 soli
617 569 752 604 tamen
773 566 956 605 dicamus
977 567 1109 617 potius
1129 579 1251 617 quam
1272 568 1434 606 omnino
1455 581 1535 607 non

189 631 385 670 dicamus.
426 632 497 670 Est
522 635 561 669 et
578 631 644 669 illa
667 631 895 669 exercitatio
915 632 1114 682 cogitandi
1147 636 1330 683 totasque
1352 635 1538 672 materias
1567 633 1619 672 25

189 697 250 736 vel
283 698 440 736 silentio
474 697 589 748 (dum
616 700 751 735 tamen
773 697 888 747 quasi
909 697 1014 736 dicat
1035 697 1140 736 intra
1162 710 1204 736 se
1237 698 1389 749 ipsum)
1409 711 1541 749 perse-

191 764 356 814 quendi,
378 776 480 815 quae
502 763 611 802 nullo
632 775 711 801 non
732 767 771 801 et
791 767 970 814 tempore
990 767 1029 801 et
1049 764 1147 814 Ιοοο,
1164 764 1324 815 quando
1339 777 1419 802 non
1433 764 1542 803 aliud

191 830 362 879 agimus,
388 829 579 880 explicari
612 832 755 879 potest,
778 832 817 866 et
846 832 907 866 est
936 828 978 866 in
1012 833 1125 880 parte
1145 830 1280 867 utilior
1300 842 1422 881 quam
1442 831 1541 869 haec

192 895 400 946 proxima:
427 894 661 944 diligentius
681 895 790 932 enim
824 895 1079 946 componitur
1112 907 1235 946 quam
1267 895 1347 944 illa,
1381 896 1424 934 in
1461 908 1541 947 qua
1569 895 1622 934 ‘26

189 1009 263 1052 Ep.
288 1006 340 1048 II,
362 1006 399 1049 3,
418 1007 464 1042 4:
489 1017 540 1042 ne
563 1007 684 1042 verbo
697 1007 874 1051 quidem

193 1055 371 1090 labitur.
409 1054 471 1090 Cf.
494 1054 587 1101 plus
605 1053 720 1098 haut,
742 1055 776 1094 1,
797 1054 844 1090 92
864 1065 872 1090 2

190 1105 283 1138 Non
300 1103 418 1137 labor
447 1103 542 1146 ejics
557 1111 705 1137 amore
736 1104 775 1137 et
805 1101 872 1142 VI,

188 1149 224 1193 3,
244 1149 292 1185 3:
331 1150 420 1184 sive
457 1159 604 1184 amore
641 1150 874 1184 immodico

183 1197 417 1242 praecipui
452 1198 501 1231 in
520 1197 769 1242 eloquentia
788 1197 873 1231 viri

192 1245 321 1280 labor.
358 1243 404 1279 Je
438 1254 670 1291 soupconne
707 1254 787 1279 une
816 1243 872 1279 la-

189 1302 292 1327 cune
311 1292 334 1326 ἐι
348 1294 450 1327 cette
462 1291 596 1339 place:
619 1292 770 1326 animo
788 1302 873 1326 non

189 1350 242 1375 ou
278 1342 419 1374 mente
460 1349 545 1374 non
591 1340 768 1374 labitur.
809 1338 871 1374 Cf.

188 1388 316 1422 VERG.
337 1387 424 1421 Ecl.
447 1385 478 1429 Ι,
500 1385 571 1421 64:
611 1388 749 1425 Quam
771 1396 875 1421 nos-

197 1438 262 1469 tro
302 1434 428 1476 illius
483 1435 658 1468 labatur
702 1437 875 1478 pectore

194 1483 357 1516 vultus.

237 1529 454 1572 Deperclit.
493 1527 555 1563 Cf.
587 1527 671 1563 CIC.
704 1530 795 1563 Ver.
818 1527 870 1570 ΙΙ,

189 1575 260 1612 3οῑ
293 1577 341 1611 Ut
373 1586 425 1610 ne
461 1577 568 1621 quid
599 1577 648 1611 de
673 1577 871 1611 libertate

191 1624 452 1668 delmi-derit.

239 1671 773 1716 Promptum...positum:
794 1670 873 1706 Ad-

186 1718 304 1765 Jectif
320 1722 358 1753 et
381 1718 574 1764 participe
599 1720 762 1753 neutres
784 1728 873 1753 em-

189 1765 331 1812 ployes
353 1776 450 1800 avec
469 1764 505 1801 16
525 1765 814 1800 demonstratis
850 1766 873 1801 ἐι

188 1813 230 1848 la
267 1813 381 1860 place
415 1813 463 1848 de
499 1813 744 1848 substantifs
783 1813 873 1848 abs-

190 1861 320 1898 traits.
366 1870 444 1906 que
481 1859 519 1895 le
565 1859 668 1895 latin
703 1860 873 1907 possede

190 1918 239 1943 en
260 1908 361 1955 petit
382 1907 563 1943 nombre.
580 1907 642 1942 Cf.
655 1907 763 1943 T.-L.
783 1908 870 1949 VII,

189 1956 239 1991 8:
275 1957 353 1990 diu
393 1965 479 1990 non
507 1956 774 1999 perlitatum
811 1959 873 1991 te-

191 2006 354 2038 nuerat
375 2003 647 2038 dictatorem.
671 2002 769 2038 TAC.
791 2005 870 2038 An.

192 2050 266 2092 ΙΙΙ,
285 2050 355 2085 Ἱῢῑ
392 2051 611 2095 eyregyium
643 2051 873 2094 publicum

191 2100 232 2132 et
253 2099 383 2132 bonas
398 2099 515 2132 domi
534 2100 652 2132 artes
666 2097 874 2137 (dehones-

191 2146 303 2187 tare).
325 2144 356 2179 F
361 2144 529 2190 requent
549 2154 645 2180 aveo
666 2143 724 2179 les
745 2145 858 2191 adJec

192 2192 262 2226 tifs
283 2191 331 2226 de
351 2191 392 2226 la
408 2195 462 2233 ze,
484 2201 571 2226 rare
593 2201 690 2226 avec
711 2202 811 2227 ceux
825 2193 874 2228 de

190 2238 230 2274 la
246 2238 287 2274 32
308 2238 582 2283 declinaison3
605 2249 778 2285 presque
789 2241 870 2275 tou·

187 2287 301 2332 j0urs
323 2296 374 2321 au
396 2286 549 2321 nomin.
578 2286 673 2334 etv'a
703 2285 868 2324 l’aceus.

195 2333 245 2368 K.
269 2335 345 2369 Gr.
372 2335 418 2369 L.
440 2333 493 2375 ΙΙ,
516 2333 598 2373 173,
620 2334 655 2368 3.

238 2383 405 2417 Rarum
425 2384 539 2416 est...
560 2383 635 2422 ut,·
655 2391 758 2427 pour
770 2391 873 2417 raro

189 2429 238 2474 fit
259 2431 322 2469 ul,
337 2427 562 2463 seulement
577 2427 720 2475 depuis
734 2429 872 2472 Quint.

189 2475 250 2510 Ib.
271 2474 354 2515 816,
376 2476 411 2510 1.

235 2522 295 2558 25.
314 2524 390 2557 Est
411 2525 451 2558 et
480 2523 587 2564 illa,·
620 2531 774 2557 comme
802 2522 874 2564 IX,

187 2569 223 2613 3,
246 2570 318 2605 35:
342 2571 417 2604 Est
438 2572 479 2604 et
500 2571 615 2604 illud
649 2570 876 2612 repetendi

187 2627 337 2661 yenus.
361 2617 553 2652 Formule
570 2617 618 2652 de
634 2616 850 2652 transition
866 2627 873 2652 :

189 2665 222 2698 il
243 2675 270 2708 y
291 2674 318 2698 a
340 2665 508 2699 aussi...

235 2713 504 2747 Eccercitatio
532 2711 773 2756 coyitandi.
817 2710 872 2746 Le

191 2758 379 2803 gerondjf
408 2759 432 2794 ἐι
451 2758 491 2793 la
511 2757 625 2805 place
645 2757 741 2793 d’un
772 2758 876 2793 sub-

191 2805 337 2841 stantif
364 2816 417 2841 au
450 2806 540 2852 gen.
577 2807 638 2841 est
673 2805 754 2841 tres
791 2805 874 2840 fre-

940 1009 1066 1053 quent
1095 1007 1188 1043 chez
1226 1007 1363 1050 Quint.
1392 1006 1455 1042 Cf.
1489 1008 1525 1048 1,
1559 1008 1620 1049 49,

938 1056 999 1098 69,
1018 1056 1077 1098 76,
1097 1054 1159 1098 81,
1191 1055 1252 1098 83,
1281 1058 1355 1091 etc.
1388 1054 1450 1090 Cf.
1473 1055 1523 1091 K.
1548 1057 1620 1091 Gr.

938 1105 984 1139 L.
1001 1103 1055 1146 ΙΙ,
1076 1104 1161 1146 541,
1181 1103 1234 1143 3;
1255 1103 1338 1145 549,
1359 1113 1386 1137 α
1408 1105 1446 1138 et
1469 1103 1573 1138 suiv.

993 1153 1154 1186 Tamen
1187 1152 1329 1195 quasi.
1364 1150 1426 1185 Cf.
1454 1151 1490 1194 1,
1518 1152 1562 1186 11
1584 1153 1624 1186 et

936 1206 1050 1240 notre
1064 1204 1311 1239 correction:
1335 1205 1517 1247 τρῡπικῶς
1551 1207 1621 1239 ta—

940 1262 1039 1287 men
1061 1253 1204 1297 quasi.

986 1299 1108 1334 Dicat
1119 1309 1215 1334 avec
1227 1299 1333 1345 sujet
1345 1298 1623 1334 indetermine.

939 1346 1000 1382 Cf.
1017 1348 1052 1390 1,
1075 1348 1117 1382 7:
1141 1348 1359 1381 turbam...
1376 1350 1622 1390 colzyreyat.

940 1396 979 1429 et
1010 1394 1050 1429 la
1080 1397 1187 1429 note.
1225 1415 1270 1419 —
1304 1393 1362 1428 La
1382 1394 1624 1439 parenthese

939 1442 1138 1477 renferme
1159 1451 1238 1476 une
1260 1441 1489 1476 restriction
1526 1441 1550 1475 ἐι
1569 1442 1624 1476 si-

942 1490 1102 1524 lentio.-
1137 1489 1160 1523 ἐι
1192 1488 1232 1523 la
1254 1488 1464 1523 condition
1486 1491 1624 1523 toute-

939 1537 1017 1572 fois
1049 1536 1098 1571 de
1131 1547 1172 1571 se
1204 1535 1338 1583 parler
1360 1546 1409 1570 en
1447 1535 1623 1582 quelque

939 1587 1046 1619 sorte
1068 1584 1091 1618 Za
1112 1584 1335 1619 soi-meme.
1373 1583 1450 1618 Sur
1490 1582 1623 1618 l'abus

938 1632 987 1667 de
1008 1634 1109 1666 cette
1128 1632 1329 1677 pratique,
1360 1630 1564 1665 motivant
1583 1629 1623 1665 la

938 1679 1181 1721 restriction,
1204 1679 1255 1714 cf.
1276 1678 1313 1722 3.
1335 1678 1393 1713 15.

985 1727 1223 1770 Emplicari.
1255 1727 1320 1760 Au
1348 1735 1440 1760 sens
1461 1725 1623 1771 etymo-

937 1773 1124 1820 logique:
1147 1783 1189 1809 se
1209 1772 1415 1820 deployer‚
1448 1783 1489 1809 se
1517 1772 1622 1808 don-

939 1831 1011 1856 ner
1028 1831 1211 1857 camere.

986 1887 1037 1920 In
1052 1889 1195 1930 parte.
1218 1885 1280 1921 Cf.
1302 1886 1338 1928 1,
1353 1885 1426 1921 88:
1451 1886 1499 1920 in
1527 1896 1627 1930 par-

941 1935 1054 1968 tibus
1076 1937 1114 1969 et
1134 1933 1174 1968 la
1200 1936 1307 1968 note.
1335 1933 1438 1969 Chez
1460 1932 1627 1969 Ciceron

941 1991 994 2016 eoe
1019 1984 1178 2025 parte;
1220 1981 1313 2016 chez
1346 1981 1392 2016 T.
1428 1980 1527 2016 Live
1569 1981 1628 2017 les

941 2029 1047 2064 deux
1079 2029 1328 2073 coexistent3
1361 2028 1412 2063 cf.
1434 2028 1494 2071 44,
1519 2028 1555 2072 9,
1577 2030 1628 2064 ou

941 2086 994 2111 ex
1023 2080 1153 2120 parte
1200 2076 1283 2111 suit
1302 2077 1350 2110 in
1382 2079 1527 2120 parte.
1565 2076 1627 2112 Cf.

940 2124 1088 2166 meT.
1107 2123 1150 2164 11,
1181 2123 1218 2167 8,
1240 2123 1286 2158 6·.
1318 2125 1430 2168 quod
1465 2124 1628 2160 mihi...

941 2172 988 2205 iu
1005 2174 1134 2214 parte
1157 2181 1308 2206 verum
1330 2172 1521 2205 videtur.

986 2219 1103 2253 Haec
1135 2219 1343 2262 proxima
1354 2229 1368 2260 ;
1402 2218 1559 2260 c.-2'i,-d.
1590 2217 1631 2252 la

939 2266 1127 2312 pratique
1171 2265 1385 2301 conseillee
1425 2275 1478 2300 au
1513 2266 1531 2313 g
1569 2265 1629 2300 24.

940 2312 1037 2348 Plus
1056 2313 1140 2348 loin
1159 2314 1316 2357 :pri0r.

987 2378 1046 2414 26.
1071 2379 1350 2422 Componitur
1364 2388 1387 2412 a
1407 2387 1510 2424 pour
1527 2375 1632 2421 sujet

942 2427 1197 2461 ewercitatio
1219 2426 1455 2470 cogitandi,
1491 2427 1529 2459 et
1558 2433 1632 2470 par

940 2472 982 2508 151
1001 2483 1179 2519 manque
1211 2473 1258 2508 de
1285 2473 1475 2518 justesse.
1516 2470 1549 2505 Il
1581 2480 1630 2505 en

941 2521 1032 2555 faut
1053 2520 1148 2555 tirer
1180 2521 1346 2555 oratio:
1371 2529 1413 2554 ce
1447 2518 1629 2553 discours

942 2567 1091 2603 medite
1109 2567 1211 2602 dans
1231 2567 1268 2602 16
1289 2567 1449 2602 silence.
1466 2566 1550 2599 Illa
1565 2564 1630 2599 de-

942 2616 1057 2661 signe
1071 2614 1108 2650 16
1135 2615 1318 2650 discours
1351 2612 1554 2659 prononee
1579 2611 1627 2647 de

941 2663 1035 2698 vive
1055 2662 1150 2697 voix
1170 2662 1318 2697 devant
1338 2671 1394 2695 un
1415 2659 1629 2694 auditoire.

942 2710 1049 2745 Pour
1069 2709 1107 2744 16
1141 2719 1232 2744 sens
1264 2708 1311 2743 de
1345 2708 1630 2751 componitur,

943 2757 992 2793 cf.
1015 2758 1050 2800 1,
1072 2757 1118 2793 79
1140 2767 1235 2792 avec
1257 2755 1296 2790 la
1317 2757 1412 2790 note
1432 2755 1455 2789 ἐι
1473 2763 1631 2798 compo-

944 2805 1115 2840 8⁰ti0ne.
