1997 3231
814 109 1053 151 -1‘23-

224 209 305 250 tius
322 223 445 250 usum
465 209 609 262 exiget,
631 222 734 262 quae
752 213 799 249 ut
813 209 957 262 juvant
976 210 1104 250 aciem
1131 210 1186 251 ita
1207 211 1348 251 crebra
1367 211 1573 262 relatione,

225 277 354 327 quoad
382 277 641 327 intinguntur
674 276 832 326 calami,
867 281 1076 315 morantur
1108 290 1276 316 manum
1297 282 1336 317 et
1378 278 1578 328 cogitatio-

224 343 288 381 nis
315 343 511 394 impetum
551 343 756 393 frangunt.
798 341 1103 392 Relinquendae
1143 346 1279 381 autem
1317 343 1358 382 in
1390 343 1576 382 utrolibet
1606 343 1657 382 32

224 420 370 458 genere
391 412 527 446 contra
560 411 680 446 erunt
708 419 856 446 vacuae
885 407 1068 457 tabellae,
1104 408 1145 446 in
1166 408 1314 458 quibus
1348 408 1474 447 libera
1493 409 1577 448 adi-

224 473 364 512 ciendo
385 473 435 511 sit
455 474 652 511 excursio.
683 473 788 511 Nam
810 473 973 511 interim
1002 472 1205 524 pigritiam
1235 474 1475 512 emendandi
1507 487 1578 513 an-

224 539 379 589 gustiae
398 538 550 577 faciunt
571 542 641 576 aut
659 542 766 577 certe
787 551 982 577 novorum
1003 538 1307 590 interpositione
1328 539 1461 590 priora
1476 552 1574 578 con-

223 604 407 643 fundant.
430 604 490 642 Ne
510 603 608 642 latas
629 603 793 654 quidem
813 604 918 642 ultra
931 604 1097 642 modum
1116 616 1203 642 esse
1226 616 1338 642 ceras
1358 604 1492 655 velim,
1510 617 1577 642 ex-

223 673 360 721 pertus
372 668 564 719 juvenem
593 669 820 707 studiosum
846 669 992 720 alioqui
1023 668 1257 720 praelongos
1277 668 1468 707 habuisse
1492 682 1574 707 ser-

223 747 377 784 mones,
405 734 499 785 quia
526 733 613 772 illos
644 746 815 773 numero
848 747 1039 773 versuum
1074 734 1330 783 metiebatur,
1372 735 1493 785 idque
1520 735 1576 773 vi-

223 801 341 850 tium,
364 799 469 850 quod
489 799 690 849 frequenti
709 799 980 838 admonitione
1001 799 1145 849 corrigi
1166 812 1246 838 non
1267 803 1463 851 potuerat,
1487 813 1577 838 mu-

222 866 315 904 tatis
339 865 543 904 codicibus
577 877 665 903 esse
707 865 927 904 sublatum.
962 865 1089 904 Debet
1116 878 1257 904 vacare
1295 866 1415 904 etiam
1446 865 1572 915 locus,
1604 865 1655 904 33

222 931 264 970 in
284 943 362 982 quo
383 935 572 970 notentur
591 943 694 981 quae
727 931 997 969 scribentibus
1027 931 1155 969 solent
1175 935 1285 970 extra
1312 931 1510 979 ordinem,
1535 932 1575 970 id

222 1001 282 1036 est
301 1009 350 1035 ex
368 997 473 1047 aliis,
494 1009 617 1047 quam
637 997 706 1047 qui
740 1001 835 1035 sunt
855 997 897 1035 in
933 997 1121 1035 manibus
1149 997 1240 1045 loci,
1270 1009 1494 1036 occurrere.
1518 998 1577 1036 Ir-

223 1066 422 1114 rumpunt
459 1063 567 1101 enim
618 1063 757 1114 optimi
816 1075 1110 1114 nonnunquam
1162 1075 1321 1111 sensus,
1367 1075 1467 1114 quos
1506 1075 1575 1101 ne-

219 1196 495 1234 brouillonles
516 1201 688 1234 ceratae
712 1200 899 1242 tabulae,

220 1248 259 1280 et
277 1255 380 1291 pour
399 1244 439 1280 la
466 1245 718 1292 publication
756 1249 899 1289 meme,

218 1291 256 1327 le
276 1303 470 1339 papyrus.
494 1294 538 1328 V.
562 1294 679 1333 BIRT,
703 1295 783 1330 das
821 1304 902 1330 an-

222 1340 307 1374 tike
327 1341 601 1381 Bachwesen,
625 1341 728 1388 Kap.
751 1342 786 1383 2,
810 1352 903 1377 sur—

219 1389 309 1422 tout
329 1397 367 1433 p.
389 1387 437 1423 53
454 1390 493 1423 et
513 1389 616 1423 suiv.
651 1388 899 1435 Cependant,

220 1444 374 1470 comme
396 1444 447 1470 on
478 1435 514 1470 le
544 1436 628 1471 voit
648 1446 721 1482 par
741 1447 783 1472 ce
803 1447 903 1483 pas-

219 1491 314 1526 sage
335 1484 374 1517 et
392 1492 465 1528 par
483 1483 652 1519 Horace.
679 1486 766 1518 Sat.
790 1483 842 1522 ΙΙ,
863 1484 899 1527 3,

218 1529 241 1564 2
262 1532 300 1564 et
320 1531 365 1564 Α.
387 1531 435 1564 P.
458 1529 619 1570 389.(cf.
654 1531 803 1566 PERsE.
827 1530 900 1574 ΙΙΙ,

218 1575 265 1611 10
282 1578 319 1611 et
340 1577 438 1612 CAT.
462 1577 591 1621 XXII,
613 1578 666 1618 5),
689 1588 739 1613 on
762 1588 804 1613 se
824 1589 902 1614 ser-

218 1623 304 1659 vait
324 1624 435 1659 aussi
456 1625 503 1660 de
533 1626 769 1671 parchemin
800 1635 902 1672 pour

218 1670 276 1706 les
305 1671 546 1714 broutHons,
580 1673 675 1708 saus
703 1674 727 1708 3
759 1673 903 1708 effacer

217 1718 362 1754 l'encre
396 1719 578 1763 ensuite5
617 1721 697 1755 afin
731 1720 779 1755 de
819 1720 901 1756 s’en

219 1766 347 1801 servir
379 1766 426 1802 de
458 1777 674 1804 nouveau:
703 1769 902 1812 palimp-

218 1816 372 1849 aestus.

265 1862 433 1906 Exiyet.
465 1860 521 1896 Le
553 1860 668 1896 futur
694 1861 742 1897 de
762 1861 902 1897 l'indi-

219 1908 319 1943 catis
363 1919 416 1943 au
466 1908 547 1944 lieu
585 1908 639 1943 du
680 1909 905 1955 subjonctif

217 1955 393 2002 present,
432 1955 643 2002 beaucoup
688 1957 781 2004 plus
817 1957 902 1992 fre-

219 2004 357 2048 quent.
397 2004 496 2038 Nisi
535 2003 648 2048 forte
685 2006 788 2039 n'est
827 2014 901 2051 pas

217 2049 417 2096 nonique,
452 2060 606 2086 comme
639 2051 674 2091 1,
696 2052 742 2087 70
763 2054 803 2087 et
823 2051 902 2087 ail—

217 2096 339 2132 leurs.
379 2096 438 2132 De
458 2099 587 2132 meme
608 2097 654 2139 V,
675 2097 712 2140 52,
734 2098 756 2134 2
780 2109 787 2134 :
819 2101 902 2134 Re-

217 2144 440 2189 fellzmtur
471 2148 621 2180 autem
645 2145 899 2191 (prajudicia)

218 2201 321 2227 raro
347 2201 425 2236 per
458 2193 765 2227 contumeliam
780 2194 902 2236 judi-

219 2248 332 2281 cum,
355 2239 444 2274 nisi
461 2238 573 2283 forte
596 2239 837 2285 manifesta
853 2242 900 2275 in

218 2286 276 2321 iis
295 2287 423 2330 culpa
448 2287 545 2321 erit.

266 2334 464 2369 Relatio:
486 2335 748 2369 mouvement
769 2334 817 2370 de
837 2344 903 2370 re-

219 2379 316 2415 tirer
334 2380 374 2415 la
395 2381 521 2416 main.
541 2381 600 2416 Ne
629 2391 670 2416 se
691 2384 902 2417 rencontre

219 2437 316 2463 avec
354 2430 456 2463 cette
505 2427 777 2474 signification
808 2430 903 2476 spe—

219 2474 319 2510 ciale
333 2475 427 2521 qu’a
441 2477 543 2510 cette
556 2475 681 2522 place.

266 2523 562 2567 Intinyuntur
579 2534 592 2556 .·
619 2522 721 2558 dans
739 2521 900 2567 Periere,

219 2572 524 2605 atramentum
556 2571 780 2613 librorum,
805 2571 903 2607 faite

220 2626 315 2651 avec
334 2616 389 2651 du
414 2617 505 2652 noir
537 2617 584 2652 de
614 2617 748 2653 fumee
777 2620 815 2653 et
846 2629 903 2654 un

217 2663 372 2709 liquide
411 2664 570 2709 gomme
598 2674 610 2710 3
649 2664 902 2711 quelquefois

220 2720 317 2745 aveo
344 2710 382 2746 le
413 2711 567 2757 liquide
600 2711 750 2759 special
782 2713 829 2748 de
861 2713 902 2748 13

219 2758 354 2801 sepia.
378 2758 423 2793 V.
445 2759 650 2798 VITRUVE‚
675 2759 760 2803 VII,
781 2760 842 2802 10,
860 2771 900 2807 p.

219 2805 289 2842 197
309 2808 348 2840 et
365 2804 512 2851 szsn,
533 2805 605 2846 ΙΙΙ,
625 2805 671 2841 12
692 2808 731 2841 et
748 2807 852 2843 suiv.

1013 1199 1073 1236 32.
1106 1201 1160 1235 In
1196 1201 1428 1236 utrolibet:
1464 1199 1585 1247 qu’on
1613 1211 1654 1236 se

969 1257 1084 1283 serve
1118 1248 1165 1283 de
1198 1247 1390 1283 tablettes
1423 1258 1476 1283 ou
1498 1248 1545 1283 de
1567 1258 1656 1295 par-

968 1295 1142 1330 chemin.
1165 1316 1211 1320 —
1231 1296 1386 1331 Contra
1401 1307 1413 1330 .·
1435 1305 1484 1331 en
1512 1295 1655 1342 regard

969 1342 1016 1378 de
1037 1342 1076 1377 13
1097 1343 1225 1389 partie
1245 1343 1378 1378 ecrite.

1015 1390 1276 1425 Acliciendo:
1301 1391 1408 1425 Avec
1437 1388 1477 1424 13
1513 1389 1655 1425 valeur

968 1437 1063 1472 d’un
1099 1437 1325 1472 substantif
1354 1436 1510 1480 verbal,
1540 1448 1654 1473 com-

966 1484 1147 1531 plement
1167 1490 1214 1519 de
1237 1486 1464 1520 excursio:
1498 1495 1602 1531 pour
1627 1496 1654 1531 y

968 1532 1136 1577 aj0uter.
1155 1533 1200 1567 V.
1215 1532 1263 1567 K.
1280 1532 1364 1575 541,
1377 1532 1423 1575 3,
1435 1532 1469 1567 4.
1480 1532 1655 1567 -D’au-

968 1582 1074 1614 tres:
1098 1580 1320 1615 adicienti.

1012 1628 1252 1671 Ancus-tiae
1275 1638 1287 1661 :
1321 1626 1358 1662 le
1391 1637 1567 1674 manque
1604 1627 1652 1663 de

966 1673 1092 1721 place.
1148 1695 1195 1699 ——
1237 1675 1521 1718 Confundant
1548 1686 1561 1709 .·
1602 1685 1655 1710 au

967 1721 1202 1767 subjonctif,
1223 1722 1484 1768 n’indiquant
1506 1722 1654 1768 qu'une

967 1768 1111 1816 simple
1143 1769 1385 1816 possibilite,
1409 1769 1544 1804 tandis
1576 1780 1654 1816 que

966 1816 1156 1861 faciunt,
1198 1816 1300 1852 dans
1320 1816 1359 1851 13
1400 1817 1654 1863 proposition

965 1863 1217 1911 precedente,
1258 1865 1440 1900 constate
1468 1874 1524 1899 un
1563 1864 1652 1900 fait.

1013 1912 1223 1947 Juvenem
1244 1913 1508 1947 studiosum.
1530 1911 1592 1947 Cf.
1616 1913 1652 1956 1,

964 1958 1012 1994 45
1033 1969 1129 1994 avec
1150 1959 1190 1993 13
1211 1962 1317 1994 note.

1021 2007 1242 2042 Versuum.
1281 2006 1342 2041 Cf.
1381 2006 1417 2050 1,
1453 2005 1501 2042 33
1537 2009 1575 2042 et
1612 2006 1653 2042 la

967 2055 1076 2089 note.

1012 2100 1070 2135 33.
1094 2101 1282 2137 Locus...
1303 2102 1396 2144 loci,
1419 2100 1654 2148 negligence

966 2146 1152 2183 d'autant
1180 2147 1273 2195 plus
1307 2148 1483 2184 sensible
1519 2159 1596 2195 que
1617 2148 1654 2184 le

966 2195 1142 2240 premier
1179 2195 1245 2230 n’a
1281 2206 1359 2242 que
1388 2195 1429 2230 13
1457 2196 1655 2242 significa-

967 2242 1052 2277 tion
1072 2253 1202 2288 vague
1241 2242 1289 2278 de
1303 2245 1430 2287 place
1467 2245 1586 2287 libre,
1616 2245 1655 2279 et

967 2299 1045 2335 que
1064 2288 1102 2325 le
1124 2290 1271 2325 second
1290 2290 1473 2326 s'entend
1494 2291 1563 2326 des
1591 2290 1654 2326 de-

966 2336 1276 2384 veloppements
1298 2338 1509 2374 oratoires.

1012 2385 1231 2420 Notentur
1258 2395 1272 2419 .·
1329 2385 1503 2431 prendre
1544 2385 1651 2428 note,

967 2441 1063 2467 sans
1084 2432 1357 2478 signification
1379 2431 1650 2467 defavorable.

966 2479 1025 2514 De
1058 2482 1190 2515 meme
1223 2480 1333 2515 ΗΘΒ.
1376 2481 1422 2514 Α.
1463 2480 1512 2514 Ρ.
1552 2479 1653 2513 156:

965 2527 1134 2562 Aetatis
1201 2529 1407 2573 cujusque
1467 2527 1653 2561 notandi

967 2577 1073 2609 sunt
1096 2575 1173 2609 tibi
1198 2584 1350 2609 mores.

1012 2622 1300 2665 [mammona.-
1332 2631 1373 2656 se
1413 2620 1654 2666 presentent

966 2667 994 2702 a
1018 2669 1295 2712 l'improviste
1312 2671 1351 2703 et
1366 2677 1448 2702 non
1463 2678 1538 2714 pas
1552 2677 1653 2703 avec

967 2716 1170 2751 violence.
1206 2735 1251 2740 —
1283 2716 1443 2750 Sensus
1480 2729 1522 2764 ‡—-
1552 2724 1653 2750 sen-

969 2762 1132 2797 tentiae
1153 2772 1205 2797 au
1228 2771 1319 2796 sens
1347 2760 1515 2802 affaibh,
1540 2761 1650 2805 VIII,

968 2809 1005 2852 5,
1025 2810 1072 2844 2:
1094 2809 1355 2845 consuetudo
1366 2811 1465 2853 jam
1493 2811 1650 2855 tenuit,
