1997 3231
784 137 1023 177 —1‘25—

186 243 280 278 nata
299 239 492 289 digerere,
516 238 644 277 soluta
664 250 916 288 componere,
940 237 1158 276 exultantia
1180 250 1377 288 coercere,
1403 239 1536 291 dupli-

187 305 245 343 cis
265 317 406 356 operae
431 317 438 342 :
474 317 568 342 nam
595 307 634 341 et
663 303 891 341 damnanda
913 307 1009 341 sunt
1030 315 1132 353 quae
1158 303 1392 354 placuerant
1418 309 1457 344 et
1478 305 1539 343 in-

187 370 382 408 venienda
422 382 524 420 quae
562 370 761 419 fugerant.
802 368 884 406 Nec
924 367 1095 406 dubium
1129 372 1188 407 est
1223 370 1421 420 optimum
1452 383 1539 409 esse

187 436 428 475 emendandi
448 448 588 485 genus,
614 435 646 473 si
668 434 815 485 scripta
844 434 885 472 in
904 433 1063 484 aliquod
1084 438 1244 485 tempus
1274 440 1536 487 reponantur,

189 505 234 539 ut
253 500 302 539 ad
323 513 366 538 ea
388 504 476 551 post
496 499 751 538 intervallum
772 499 879 537 velut
899 511 998 537 nova
1019 503 1139 549 atque
1160 500 1287 538 aliena
1310 501 1538 552 redeamus,

189 578 240 604 ne
261 565 376 604 nobis
402 566 550 616 scripta
583 569 717 604 nostra
751 568 957 614 tamquam
990 568 1170 602 recentes
1200 565 1304 603 fetus
1333 565 1543 606 blandian-

190 635 270 670 tur.
294 630 372 670 Sed
411 643 541 681 neque
573 630 647 668 hoc
680 629 910 678 contingere
949 641 1108 680 semper
1138 633 1281 680 potest,
1306 632 1542 680 praesertim

191 696 349 741 oratori,
372 695 438 734 cui
459 695 618 746 saepius
633 695 808 733 scribere
828 693 877 732 ad
899 698 1129 744 praesentes
1151 707 1249 732 usus
1271 707 1434 734 necesse
1455 701 1514 734 est
1532 711 1542 745 ;

192 761 326 812 etipsa
344 760 569 799 emendatio
601 760 723 798 finem
754 760 913 798 habeat.
949 759 1054 798 Sunt
1086 762 1195 798 enim
1231 760 1299 811 qui
1340 762 1389 800 ad
1410 762 1544 800 omnia

193 827 339 878 scripta
359 830 552 877 tanquam
585 826 723 864 vitiosa
757 825 922 864 redeant
950 829 1002 874 et,
1039 826 1153 876 quasi
1175 826 1277 864 nihil
1310 827 1368 865 fas
1390 827 1442 865 sit
1462 840 1546 865 rec-

193 895 280 930 tum
300 903 387 929 esse
406 891 511 941 quod
533 891 710 942 primum
729 895 805 940 est,
827 890 973 928 melius
998 890 1244 939 existiment,
1266 892 1461 942 quidquid
1484 896 1545 930 est

191 945 318 993 aliud,
339 944 458 995 idque
479 945 641 993 faciant,
674 944 857 995 quotiens
878 944 1027 982 librum
1063 944 1104 982 in
1138 957 1283 982 manus
1316 958 1544 996 resumpse-

193 1014 303 1060 runt,
327 1009 478 1048 similes
492 1010 659 1048 medicis
679 1009 799 1047 etiam
821 1010 975 1059 integra
996 1009 1239 1048 secantibus.
1276 1010 1432 1049 Accidit
1464 1011 1541 1049 ita-

193 1087 272 1126 que
292 1078 336 1112 ut
355 1074 585 1113 cicatricosa
606 1074 686 1112 sint
706 1079 743 1112 et
774 1075 993 1124 exsanguia
1013 1078 1052 1113 et
1072 1087 1167 1112 cura
1190 1074 1337 1125 pejora.
1363 1075 1422 1114 Sit
1451 1088 1545 1126 ergo

193 1139 407 1191 aliquando
427 1140 533 1190 quod
558 1139 711 1191 placeat
730 1144 797 1178 aut
819 1144 926 1178 certe
946 1139 1052 1192 quod
1074 1140 1260 1185 sufficiat,
1286 1144 1330 1178 ut
1353 1153 1453 1191 opus
1472 1154 1544 1192 po-

194 1204 262 1243 liat
284 1205 393 1252 lima,
418 1217 497 1242 non
518 1209 684 1243 exterat.
706 1205 914 1256 Temporis
934 1218 1093 1256 quoque
1127 1218 1214 1243 esse
1240 1205 1358 1244 debet
1385 1207 1543 1245 modus.

195 1270 299 1309 Nam
318 1269 424 1321 quod
445 1270 595 1309 Cinnae
628 1270 843 1321 Smyrnam
864 1283 1006 1309 novem
1024 1271 1144 1309 annis
1165 1271 1393 1322 accepimus
1414 1272 1543 1323 scrip-

197 1393 525 1436 aptajunctura
541 1394 581 1426 et
599 1402 697 1427 cum
719 1392 878 1427 hisnu-
989 1391 1264 1426 Cicatricosa.
1329 1391 1533 1428 Continue
1587 1392 1627 1427 la

199 1449 346 1474 merus
411 1442 647 1483 opportune
715 1441 875 1474 cadens
940 1438 1198 1485 metaphore;
1223 1448 1274 1473 on
1295 1439 1381 1474 voit
1396 1440 1513 1485 apres
1532 1441 1625 1485 gue-

197 1487 425 1529 continqit.
940 1485 1070 1528 rison,
1110 1485 1169 1520 les
1208 1486 1344 1531 points
1383 1486 1430 1521 de
1472 1490 1624 1523 suture.

245 1534 409 1568 soluta.
429 1532 490 1568 Cf.
511 1533 546 1571 1.
574 1532 634 1575 31,
656 1536 696 1568 et
716 1532 756 1568 la
786 1535 878 1569 note

199 1591 269 1616 sur
287 1590 464 1616 carmen
486 1581 687 1615 solutum.

244 1628 522 1663 Eoeultantia.
544 1628 580 1669 2,
601 1629 646 1663 ‘lo’
667 1631 705 1663 et
719 1627 758 1662 la
786 1630 879 1663 note

200 1686 270 1710 sur
325 1685 368 1710 ce
415 1678 523 1720 mot,
569 1677 592 1710 a
637 1676 880 1722 rapprocher

199 1721 406 1758 d'ailleurs
456 1722 493 1757 le
554 1733 725 1769 passage
743 1733 750 1758 :
799 1733 879 1767 pro

198 1770 437 1815 yrandibus
489 1770 652 1805 tumidi
701 1774 774 1806 etc.
814 1770 877 1805 Cf.

200 1817 306 1852 ΗΘΒ.
344 1819 418 1861 Ep.
458 1816 510 1859 II,
547 1817 583 1860 2,
612 1817 703 1852 122:
728 1819 880 1852 Luxu-

200 1865 373 1900 rianiia
393 1868 621 1908 compescet
636 1875 649 1905 ‚·
668 1866 802 1900 nimis
817 1875 882 1901 as-

195 1921 306 1956 pera
355 1921 461 1947 sano
509 1912 684 1947 Levabit
732 1914 881 1954 cuttu;

203 1959 364 1994 virtute
386 1960 586 1995 carentia
612 1960 742 1994 tollet.

248 2007 284 2041 2.
318 2007 370 2041 In
403 2006 581 2050 aliquod
602 2010 782 2050 tempus.
824 2005 882 2040 De

203 2056 333 2088 meme
354 2053 524 2094 Horace,
544 2055 589 2088 A.
617 2055 664 2088 P.
686 2054 784 2089 338:
815 2063 883 2088 'io-

205 2110 358 2135 num...
376 2104 610 2144 prematur
636 2102 684 2135 in
712 2111 820 2136 anni
843 2111 882 2134 m

204 2148 469 2182 Membranis
490 2148 614 2182 intus
629 2148 804 2191 pos-iiic:
819 2149 869 2182 de

208 2196 290 2230 lere
320 2196 462 2230 licebit
491 2196 605 2233 Quod
627 2205 712 2229 non
746 2195 883 2230 edide-

206 2243 269 2277 ris
282 2253 295 2283 ‚·
318 2242 454 2277 nescit
469 2252 551 2277 voa:
564 2242 695 2277 missa
708 2242 883 2277 reverti.

253 2291 456 2325 Recentes
489 2289 620 2334 fetus.
654 2289 716 2324 Cf.
740 2289 775 2329 1.
810 2289 856 2324 16
875 2301 881 2324 ;

207 2346 317 2371 nova
338 2337 418 2371 itta
451 2338 569 2371 velut
599 2337 827 2371 nascentia
849 2340 887 2371 et

205 2383 246 2418 la
266 2387 360 2419 note
380 2383 453 2427 3de
472 2387 601 2419 meme
614 2384 651 2425 3,
673 2384 693 2417 7
712 2393 720 2419 z
737 2384 887 2419 omnia

207 2434 371 2474 nostra,
395 2432 500 2466 dum
518 2433 779 2474 nascuntur,
791 2432 884 2475 plci-

206 2480 317 2513 cent.

253 2525 288 2560 3.
312 2527 423 2560 Sunt
459 2526 594 2561 enim.
647 2524 784 2566 Quint.
825 2535 890 2562 re-

210 2572 338 2619 prend
385 2583 465 2608 une
513 2572 601 2607 idee
647 2571 891 2618 ‹leveloppee

207 2618 301 2665 plus
322 2619 437 2663 haut,
457 2620 494 2662 3,
515 2620 586 2655 11:
610 2620 721 2654 Sunt
736 2620 890 2664 quibus

212 2666 322 2701 nihil
343 2667 401 2701 sit
421 2668 532 2702 satis
554 2668 627 2702 etc.

257 2714 450 2751 Medicis.
478 2714 534 2749 La
551 2712 831 2760 comparaison
847 2714 892 2748 ti-

210 2760 274 2796 ree
288 2759 358 2795 des
373 2760 577 2796 medecins
590 2763 648 2795 est
665 2770 776 2795 assez
789 2760 890 2796 inat-

211 2805 360 2843 tendue
381 2809 419 2843 et
440 2816 615 2854 marique
637 2805 684 2842 de
699 2806 887 2853 Justesse.

941 1534 1214 1577 E..1:sa129ctia.
1251 1532 1311 1568 Cf.
1344 1533 1376 1575 Ι,
1410 1534 1492 1571 115.
1525 1536 1577 1569 ou
1598 1534 1626 1569 il

942 1582 1000 1615 est
1023 1579 1082 1614 dit
1103 1579 1150 1614 de
1171 1579 1342 1615 Calvus:
1362 1581 1504 1616 ιιὶνιιία
1525 1592 1628 1617 con-

945 1630 1013 1661 tra
1035 1637 1078 1662 se
1111 1628 1340 1663 calumnia
1362 1638 1513 1663 verum
1525 1639 1623 1664 san-

941 1675 1121 1720 quinem
1155 1676 1414 1717 perdidisse.
1435 1697 1479 1700 —
1513 1678 1626 1712 Cura

937 1724 1104 1766 pejora.
1134 1721 1196 1757 Cf.
1227 1722 1340 1757 PLIN.
1378 1724 1486 1758 Hist.
1524 1725 1626 1759 Nat.

945 1769 1106 1804 XXXV.
1129 1769 1199 1805 10:
1220 1771 1380 1805 Nocere
1399 1781 1524 1813 saepe
1556 1772 1628 1806 ni-

945 1818 1082 1851 miam
1122 1817 1412 1861 diliyentiam.
1454 1818 1628 1853 Suetone

945 1875 968 1898 a
988 1863 1045 1898 dit
1067 1863 1115 1899 de
1137 1864 1294 1906 Tibine,
1316 1865 1383 1900 70:
1426 1866 1555 1900 iilum
1576 1876 1630 1901 esc

947 1914 1132 1954 tempore
1148 1912 1518 1957 praestantiorem
1549 1913 1630 1948 ha-

945 1960 1083 1994 bitum
1105 1968 1237 2003 quam
1259 1969 1283 1994 a
1306 1969 1427 1995 cura.

992 2006 1027 2041 4.
1065 2007 1161 2041 Non
1198 2009 1387 2043 exterat.
1433 2007 1631 2043 Souvenir

947 2053 1000 2088 du
1025 2054 1156 2088 limae
1181 2054 1298 2089 labor
1318 2057 1357 2089 et
1375 2065 1496 2090 mora
1512 2054 1630 2090 d’Ho-

947 2111 1050 2143 race,
1073 2103 1118 2135 A.
1141 2102 1189 2135 P.
1211 2101 1293 2137 291.
1330 2100 1392 2136 Cf.
1416 2102 1532 2137 me.
1554 2104 1628 2146 Ep.

948 2148 994 2189 V,
1013 2148 1081 2183 11:
1113 2149 1266 2192 Itaque
1297 2159 1401 2193 opus
1424 2159 1510 2184 non
1531 2151 1630 2192 jam

949 2195 1205 2238 splendescit
1240 2197 1347 2231 lima
1377 2198 1451 2231 sed
1472 2198 1632 2232 atteri-

953 2246 1038 2277 tur.
1070 2243 1132 2277 Cf.
1162 2242 1217 2277 id.
1240 2243 1312 2287 IX,
1331 2243 1392 2286 35,
1411 2244 1455 2279 12:
1477 2245 1632 2279 Nimia

950 2299 1058 2324 cura
1109 2291 1268 2325 deterit
1320 2291 1460 2336 mayis
1499 2301 1632 2336 quam

949 2338 1166 2372 emendat.

997 2384 1160 2419 Cinnae
1188 2386 1438 2429 Smyrnam.
1471 2385 1510 2420 C.
1532 2384 1634 2420 Hel-

946 2431 1041 2466 ·vius
1062 2431 1202 2475 Cinna,
1224 2442 1280 2467 un
1301 2432 1382 2467 ami
1397 2432 1444 2467 de
1460 2431 1632 2475 Catulle,

952 2477 1180 2514 advers-aire
1213 2489 1368 2515 comme
1396 2478 1454 2514 lui
1488 2478 1536 2514 de
1566 2478 1635 2513 Ce-

952 2536 1032 2568 sar,
1072 2530 1218 2561 auteur
1249 2526 1344 2561 d’un
1378 2527 1518 2572 poeme
1556 2525 1634 2572 epi-

953 2583 1044 2619 que,
1082 2573 1195 2608 imite
1240 2573 1308 2608 des
1347 2572 1632 2615 Alexandrins,

954 2621 1052 2655 dont
1077 2619 1269 2655 l'lieroi‘ne
1301 2623 1363 2655 est
1392 2620 1564 2665 Smyrna
1583 2630 1635 2655 ou

954 2667 1130 2713 Myrrha,
1153 2667 1343 2702 l'amante
1382 2666 1635 2702 incestueuse

955 2714 1003 2749 de
1021 2725 1094 2749 son
1116 2715 1220 2761 pere,
1241 2714 1311 2760 qui
1331 2713 1442 2748 avait
1458 2713 1594 2749 fourni
1613 2715 1637 2750 a

955 2761 1142 2808 Euripide
1175 2771 1230 2796 un
1267 2760 1371 2806 sujet
1392 2759 1440 2795 de
1458 2761 1635 2806 tragedie

952 2806 1105 2843 celebre
1124 2807 1227 2842 dans
1248 2806 1490 2854 l'antiquite.
1507 2806 1637 2844 L'oeu-
