1997 3231
925 85 1166 130 —154—

411 195 563 244 petant,
582 204 661 243 quo
680 190 889 243 incipiant.
931 192 1009 231 Sed
1031 195 1112 230 tam
1134 190 1442 230 contumeliosos
1463 188 1505 228 in
1526 202 1568 228 se
1583 187 1688 227 ridet
1702 186 1763 226 in-

409 259 536 297 vicem
561 258 804 308 eloquentia,
838 261 876 296 et
909 258 977 308 qui
998 258 1130 296 stultis
1150 257 1275 295 videri
1309 255 1455 294 eruditi
1476 255 1634 304 volunt,
1651 253 1762 292 stulti

410 325 578 363 eruditis
600 324 800 362 videntur.
843 324 883 363 Si
907 336 985 374 qua
1003 328 1138 362 tamen
1160 324 1319 361 fortuna
1337 325 1419 360 tam
1435 320 1610 360 subitam
1625 320 1763 358 fecerit

409 389 554 439 agendi
583 389 881 436 necessitatem,
917 388 1123 426 mobiliore
1153 387 1326 438 quodam
1356 398 1456 437 opus
1489 385 1565 423 erit
1585 384 1760 434 ingenio,

411 458 448 492 et
468 454 526 492 vis
547 454 677 492 omnis
699 453 943 492 intendenda
964 453 1085 491 rebus
1106 456 1144 490 et
1165 453 1206 490 in
1227 451 1452 503 praesentia
1473 449 1763 488 remittendum

410 517 561 567 aliquid
581 529 630 554 ex
662 529 758 554 cura
786 516 1016 565 verborum,
1040 515 1072 553 si
1093 515 1283 566 consequi
1305 518 1525 563 utrumque
1548 525 1627 550 non
1647 511 1758 550 dabi-

410 582 489 616 tur.
532 578 635 616 Tum
668 582 707 616 et
733 577 883 616 tardior
918 577 1190 628 pronuntiatio
1212 588 1344 614 moras
1366 575 1488 613 hahet
1508 578 1546 612 et
1568 585 1764 624 suspensa

411 657 457 682 ac
477 643 584 681 velut
607 643 797 681 dubitans
819 643 959 691 oratio,
982 646 1027 679 ut
1046 645 1181 680 tamen
1203 641 1439 689 deliberare,
1463 653 1542 679 non
1564 640 1763 679 haesitare

330 710 382 748 23
410 709 632 748 videamur.
687 709 786 756 Hoc,
823 708 921 746 dum
953 708 1184 757 egredimur
1217 720 1238 745 e
1270 711 1402 758 portu,
1435 707 1467 745 si
1489 719 1560 744 nos
1581 705 1763 743 nondum

409 776 555 827 aptatis
576 776 671 814 satis
694 775 960 813 armamentis
975 778 1065 824 aget
1085 778 1227 813 ventus
1244 787 1254 822 ;
1273 773 1417 812 deinde
1433 773 1626 825 paulatim
1642 772 1763 810 simul

410 845 552 880 euntes
586 840 816 892 aptabimus
849 841 935 879 vela
966 845 1005 879 et
1036 841 1297 891 disponemus
1326 839 1517 877 rudentes
1537 842 1577 877 et
1604 837 1763 889 impleri

410 908 524 945 sinus
545 906 789 958 optabimus.
833 907 877 945 Id
901 907 1048 957 potius,
1070 919 1193 957 quam
1225 918 1267 944 se
1300 905 1411 943 inani
1443 904 1659 943 verborum
1685 907 1764 942 tor-

409 973 513 1010 renti
531 973 639 1023 dare,
664 972 779 1023 quasi
802 971 1126 1023 tempestatibus,
1149 984 1227 1022 quo
1246 972 1394 1020 volent,
1424 971 1706 1010 auferendum.

328 1038 381 1077 24
465 1038 543 1077 Sed
564 1050 644 1076 non
667 1038 824 1076 minore
844 1037 976 1076 studio
996 1038 1224 1075 continetur
1244 1038 1343 1075 haec
1363 1037 1532 1076 facultas
1552 1049 1675 1088 quam
1696 1049 1764 1088 pa-

408 1108 522 1143 ratur
542 1116 549 1141 t
573 1116 638 1142 ars
660 1104 769 1142 enim
792 1104 914 1142 semel
937 1107 1123 1154 percepta
1138 1115 1268 1141 non...
1286 1102 1448 1152 labitur,
1469 1102 1584 1140 stilus
1605 1114 1763 1152 quoque

330 325 381 363 16

329 1218 620 1251 mouvements
643 1226 711 1251 sur
733 1226 833 1251 ceux
855 1215 923 1250 des
945 1225 1015 1250 ac-

331 1268 463 1299 teurs:
499 1265 794 1308 plat-imum...
827 1264 967 1298 aberit
987 1273 1014 1298 a

330 1312 540 1347 scaenico.
565 1311 623 1346 De
646 1314 775 1346 meme
797 1311 867 1351 XI,
888 1312 924 1351 3,
939 1311 985 1346 57
1004 1321 1010 1345 :

331 1360 573 1394 modulatio
622 1360 821 1394 scaenica
842 1370 856 1401 ‚·
913 1358 983 1393 ¹123
1004 1368 1011 1393 :

329 1408 595 1450 complodere
638 1416 798 1441 manus
849 1406 1014 1441 scaeni-

329 1464 428 1490 cum
466 1457 541 1489 est.
595 1453 656 1489 On
693 1457 789 1500 peut
829 1452 1015 1500 rappeler

329 1502 482 1544 Tacite,
531 1502 645 1536 Dial.
698 1501 744 1536 55
764 1511 772 1536 2
830 1510 1014 1536 scaenas

329 1550 703 1585 scholastt'corum.

351 1597 410 1632 22.
431 1599 556 1638 Tam‚·
569 1597 669 1631 n'est
682 1606 754 1643 pas
767 1595 1013 1642 employa-au

1078 1230 1168 1266 grec
1190 1230 1284 1255 avec
1307 1215 1450 1262 αὐτίκα,
1493 1213 1614 1262 εὐθύς,
1656 1212 1760 1257 ἐξαί-

1080 1282 1186 1319 φνης,
1210 1268 1363 1318 μεταξύ,
1397 1268 1487 1317 ἅμα.
1521 1271 1568 1306 V.
1600 1271 1651 1307 K.
1688 1274 1760 1308 Gr.

1078 1323 1123 1356 L.
1146 1321 1200 1364 1Ι7
1220 1321 1303 1364 594,
1324 1321 1371 1356 A.
1393 1321 1428 1355 4.
1451 1319 1507 1355 Ici
1530 1329 1538 1355 :
1582 1322 1672 1354 tout
1709 1330 1761 1355 en

1081 1369 1322 1404 marcham.

1125 1418 1338 1460 Aptans...
1376 1415 1625 1459 aptabimus
1648 1425 1661 1448 :
1696 1414 1762 1449 116-

1079 1463 1258 1510 gligence
1294 1463 1446 1499 rendue
1472 1461 1567 1509 plus
1585 1461 1762 1497 sensihle

1078 1522 1151 1556 par
1189 1511 1229 1546 la
1263 1519 1568 1547 consonnance:
1603 1510 1762 1553 optabi-

1080 1569 1190 1594 mas.

331 1655 424 1679 sens
440 1644 598 1687 absolu,
616 1644 892 1690 emphatique,
910 1644 1013 1678 mais

330 1703 370 1728 se
392 1692 517 1727 refere
539 1703 591 1726 au
625 1702 691 1727 cas
722 1693 1014 1727 extremement

329 1750 417 1775 rare
451 1741 687 1784 (nusquam
720 1740 828 1784 fere)
864 1740 915 1773 611
938 1738 1014 1773 l'o—

329 1791 466 1822 rateur
492 1787 614 1822 serait
635 1787 717 1834 pris
753 1786 1014 1821 absolument

331 1836 352 1869 a
374 1834 651 1881 l'improviste.
676 1835 732 1869 De
751 1837 881 1869 11161116
923 1837 1012 1868 tam

330 1883 678 1925 contumeliosos,
706 1893 758 1917 au
779 1881 1013 1924 sans-facon

330 1930 398 1965 des
438 1929 746 1964 (leclamateurs.
792 1929 846 1963 Le
886 1931 1013 1963 terme

331 1977 379 2012 de
414 1977 694 2023 comparaison
718 1979 778 2011 est
797 1976 898 2011 (lans
928 1975 1014 2010 l'es-

330 2025 412 2071 prit
433 2024 479 2059 de
499 2024 718 2059 l⁷ecrivain.

377 2073 522 2107 Moras
553 2072 704 2106 habet:
734 2072 902 2117 permet,
936 2070 1014 2105 ad-

330 2121 413 2154 11161
469 2119 538 2154 des
589 2121 720 2164 temps
760 2119 922 2154 d'arret.
969 2139 1014 2142 —

330 2168 613 2211 Suspensa...
660 2167 867 2200 (tabitam
896 2177 908 2199 :
944 2166 1013 2211 qui

330 2214 491 2248 marche
532 2224 628 2249 avec
672 2213 931 2260 precautions
976 2216 1014 2248 et

333 2271 487 2296 comme
507 2271 555 2296 en
575 2261 805 2296 tfitonnant.

376 2308 437 2343 23.
477 2310 576 2343 Hoc.
618 2308 864 2354 Expression
903 2307 1014 2354 ellip-

330 2356 440 2402 tique
455 2366 463 2399 3
479 2357 502 2390 a
521 2355 730 2402 suppleer:
748 2356 845 2401 fieri
855 2358 1009 2399 potest.

330 2403 390 2437 Cf.
415 2403 482 2445 VI,
503 2403 539 2445 4,
555 2403 601 2438 10
621 2413 628 2437 2
653 2402 748 2446 Hoc,
783 2404 888 2437 dam
911 2404 1013 2438 ordo

331 2453 393 2486 est
415 2453 454 2485 et
469 2452 626 2495 pudor,
658 2453 696 2485 et
734 2449 914 2485 ailleurs.
938 2450 1015 2485 Sur

330 2500 432 2533 cette
472 2499 591 2541 facon
626 2497 804 2543 hrusque
844 2497 1015 2532 &intro—

330 2545 443 2580 duire
470 2555 549 2580 11116
584 2545 880 2590 comparaiscm,
903 2545 953 2579 cf.
977 2545 1011 2588 1,

328 2593 351 2626 4.
384 2603 435 2626 au
472 2596 557 2627 mot
595 2593 795 2633 athleca;
834 2603 936 2638 pour
975 2591 1015 2626 la

328 2640 611 2686 comparaison
643 2638 879 2682 elle-meme,
919 2640 953 2679 7,
977 2639 1012 2673 1.

376 2688 520 2721 Simul
542 2690 693 2722 euntes
708 2698 722 2728 ,·
762 2686 1014 2721 determina-

329 2733 416 2769 tion
453 2734 506 2769 du
538 2734 735 2781 participe
765 2744 838 2779 par
870 2744 925 2768 un
947 2733 1014 2768 ad-

328 2781 448 2816 161116
489 2781 537 2816 de
574 2784 730 2828 temps,
769 2791 924 2816 comme
964 2791 1013 2817 en

1124 1629 1183 1669 24,
1216 1629 1486 1664 Continetur.
1516 1627 1578 1663 Cf.
1609 1627 1645 1671 6,
1680 1627 1704 1663 3
1724 1605 1763 1658 et

1078 1676 1170 1724 plus
1187 1676 1300 1717 haut,
1317 1675 1376 1710 18.

1125 1726 1219 1759 Ars.
1249 1723 1308 1758 La
1342 1722 1632 1758 connaissance
1653 1722 1762 1758 theo-

1078 1772 1206 1818 rique.
1229 1770 1290 1805 Cf.
1313 1769 1406 1817 plus
1428 1770 1529 1805 haut
1550 1770 1567 1817 ἓ
1590 1771 1626 1814 7,
1660 1771 1712 1806 ou
1732 1770 1762 1804 il

1079 1819 1262 1865 s'oppose
1285 1818 1333 1853 de
1354 1820 1483 1852 meme
1511 1821 1535 1854 a
1560 1819 1761 1855 studium

1080 1867 1298 1912 designant
1318 1864 1596 1912 l'application
1629 1865 1762 1912 prati—

1079 1924 1170 1960 que.

1126 1969 1337 2010 Labicum·
1367 1967 1515 2002 Halm:
1555 1970 1761 2013 capitur;

1079 2016 1280 2051 d'autres:
1305 2016 1492 2059 rapitur.
1515 2014 1571 2050 Le
1593 2026 1685 2052 sens
1701 2021 1762 2053 est.

1079 2065 1352 2099 evitlemment
1371 2062 1526 2097 celui-ci
1560 2073 1567 2098 ε
1590 2062 1630 2098 la
1670 2076 1761 2101 con-

1079 2112 1291 2146 naissance
1330 2110 1539 2156 theorique
1570 2121 1650 2148 une
1684 2113 1761 2148 fois

1079 2159 1241 2206 acquise
1262 2169 1310 2193 ne
1332 2168 1373 2193 se
1400 2158 1498 2204 perd
1517 2167 1591 2203 pas
1610 2169 1621 2203 3
1655 2161 1758 2195 mais

1078 2206 1291 2254 l’aptitude
1314 2205 1500 2251 pratique
1522 2215 1571 2240 ne
1604 2216 1645 2241 se
1668 2217 1760 2243 con-

1079 2264 1191 2289 serve
1214 2253 1306 2300 qu'a
1324 2253 1428 2287 force
1444 2253 1672 2290 d'exercice,
1689 2256 1760 2290 Ca-

1072 2303 1212 2346 pitur·
1234 2301 1317 2348 pris
1349 2310 1503 2336 comme
1542 2300 1644 2336 dans
1665 2301 1760 2338 l'ex-

1078 2349 1261 2395 pression
1295 2358 1476 2383 connue:
1529 2350 1625 2392 cape·
1665 2359 1758 2385 ocu-

1082 2398 1149 2439 tis,
1183 2399 1324 2431 mente
1355 2406 1404 2430 ne
1438 2395 1626 2432 convient
1652 2407 1757 2444 pas:

1078 2445 1257 2488 rapitur
1290 2453 1363 2489 pas
1397 2443 1624 2488 davantage
1641 2454 1652 2488 3
1694 2454 1761 2479 car

1078 2491 1108 2526 il
1150 2502 1198 2526 ne
1245 2490 1399 2526 sam-ait
1453 2492 1534 2527 6116
1572 2493 1760 2537 question

1080 2539 1175 2574 d’un
1198 2537 1452 2573 enlevement
1474 2538 1638 2579 violent,
1656 2539 1760 2574 mais

1080 2586 1174 2621 d'un
1210 2585 1322 2620 oubli
1356 2585 1535 2630 graduel.
1576 2587 1761 2620 Labitur

1080 2633 1232 2679 repond
1252 2633 1388 2667 mieux
1413 2633 1436 2666 a
1466 2636 1567 2668 cette
1602 2634 1757 2676 11611611,

1080 2692 1175 2717 sans
1198 2680 1388 2715 toutefois
1422 2690 1448 2724 y
1476 2680 1669 2727 repondre
1691 2681 1759 2715 ab·

1080 2728 1307 2764 solument:
1351 2727 1436 2761 Zabi
1473 2728 1631 2773 signifie
1670 2738 1760 2763 sou-

1078 2778 1175 2812 vent
1187 2785 1229 2811 se
1248 2778 1450 2818 tromper,
1462 2775 1630 2820 fainir.
1642 2774 1758 2810 me.
